2844 5250
297 341 345 422 ts
428 319 769 406 xsuorrrotr.
793 317 942 396 rust.
968 317 1211 420 onnacn

818 557 877 659 V.

311 841 717 936 anoPHoNrrs
764 836 1029 918 Hrsronm
1071 837 1322 946 cannen.

364 984 582 1096 Recensur't,
613 973 946 1078 Anr'madrerstones
965 973 1015 1070 &⁹
1035 977 1189 1063 indicem
1217 983 1322 1094 adje-

363 1129 414 1210 crs
478 1127 575 1211 sam.
626 1114 734 1204 Frrr.
802 1111 986 1197 Narras.
1041 1115 1207 1202 mort
1227 1121 1321 1205 us,

368 1272 441 1354 Gr.
474 1265 523 1362 ἐφ’
552 1266 647 1350 La't.
680 1259 827 1365 Lnga.
863 1251 1061 1363 Proftsfirr
1087 1258 1195 1368 Lipfi
1239 1263 1324 1345 Ac·

363 1407 468 1494 cadit
486 1403 755 1533 Mundrriana
795 1396 931 1504 Versto.
984 1401 1006 1481 8
1037 1405 1123 1512 maj.
1154 1401 1324 1513 Lrpstae.

311 1565 318 1622 .·
368 1545 554 1628 Sumtilrur
572 1543 624 1628 E.
657 1541 707 1626 B.
741 1537 984 1622 Schrrickerti.
1012 1547 1132 1644 1778.

254 1861 261 1878 ,
302 1759 388 1882 Ex
403 1813 636 1895 quotempore
645 1793 700 1891 Jo.
714 1793 806 1892 Aug.
815 1788 1328 1891 Ernestus,vitegregius,Xe·'

192 2019 197 2030 ‚
304 1909 527 2018 noplionteos
551 1921 834 1997 Memorabilium
862 1915 1014 1990 Socratis
1045 1918 1151 1994 libros
1181 1915 1324 2008 edidit,

301 2045 416 2124 larius
427 2049 592 2148 paulatim
608 2071 670 2146 per
688 2045 907 2122 Germaniam
932 2042 1066 2140 serpere
1081 2043 1199 2142 coepit
1216 2043 1325 2120 Grae·

303 2193 368 2248 cae
393 2175 576 2248 venustatis
597 2171 764 2265 studium,
790 2172 862 2268 ejus
893 2171 929 2246 in
958 2170 1077 2268 primis
1104 2189 1189 2268 quae
1221 2171 1326 2244 aSo·

302 2298 437 2374 cratico
462 2299 561 2376 fonte
586 2297 765 2376 manavit:
799 2321 908 2395 neque
928 2295 1112 2371 defuerunt
1133 2294 1325 2394 Lipsrenses

303 2421 399 2497 dotti
429 2447 472 2500 ex
496 2425 675 2524 disciplina
691 2421 891 2509 Ernestina,
917 2421 976 2517 qui
994 2422 1183 2519 legentium
1198 2421 1323 2497 studiis

302 2545 342 2620 dt
364 2548 520 2655 magistri
543 2551 701 2645 exemplo
723 2543 866 2624 excitati
886 2567 1027 2643 operam
1047 2547 1139 2623 suam
1162 2547 1198 2624 in
1215 2547 1324 2623 eden·
1394 2612 1395 2644 ,

303 2670 357 2744 dis
392 2669 625 2765 compluribus
658 2671 923 2772 Xenophonteis
960 2669 1096 2771 scriptis
1137 2689 1322 2772 ponerent.

302 2794 477 2888 Primum,
502 2795 558 2893 Jo.
585 2796 677 2897 Aug.
705 2797 851 2874 Bachius
874 2823 945 2874 uno
970 2800 1147 2877 volumine
1166 2799 1321 2875 minores
1394 2785 1395 2848 l

301 2924 433 3022 aliquot
456 2924 612 3022 vulgavit
649 2922 810 3016 libellos,
842 2927 1150 3019 oeconomicum,
1187 2925 1323 3022 Apolo·
1394 3015 1395 3018 p

303 3053 398 3152 giam
413 3051 587 3146 Socratis,
608 3051 847 3150 symposium,
872 3056 1091 3145 Hieronem,
1105 3051 1322 3149 Agesrlaurn:

301 3177 427 3270 dode,
461 3173 647 3275 proferto,
673 3175 711 3250 dr
738 3177 922 3276 eleganter.
983 3182 1097 3283 Quem
1121 3178 1233 3248 virum
1257 3175 1323 3254 nili

301 3303 513 3402 praematuri
529 3301 698 3378 acerbitas
728 3301 792 3378 fati
825 3305 1038 3394 abstulisset,
1071 3300 1213 3376 haberet
1235 3326 1321 3401 pro·

303 3423 401 3502 festo
428 3424 718 3524 jurisprudentia,
742 3427 800 3524 qui
827 3429 983 3528 antiquos
1007 3427 1083 3503 illos
1100 3413 1260 3524 Cujacior
1282 3428 1324 3506 dc

306 3547 546 3626 Gothoitedos
562 3549 717 3626 referret.
749 3553 910 3646 Deinde,
927 3555 991 3628 Car
1017 3553 1108 3654 Aug.
1137 3553 1321 3632 Tlriemiur

304 3675 464 3754 universa
504 3675 747 3774 Xenophontis
774 3663 880 3776 opera
908 3697 1052 3779 quatuor
1086 3679 1320 3784 voluminibus

301 3805 436 3884 formae
458 3799 604 3877 octavae
629 3825 673 3878 ex
702 3805 871 3880 Welsrano
895 3807 1055 3904 exemplo
1079 3806 1232 3914 repetiit.
1273 3809 1321 3884 Et

304 3925 439 4004 invenit
459 3929 517 4003 illa
543 3927 654 4004 editio
678 3934 804 4009 multos
828 3953 994 4011 emtores:
1018 3957 1089 4010 non
1108 3933 1246 4032 quidem
1267 3933 1322 4006 illa

320 4071 354 4086 ··
1178 4077 1319 4157 propter
