2850 5278
238 461 402 542 uus.
437 460 769 566 rutuuru
802 435 988 546 Mori.
1067 495 1113 572 μ

157 691 183 731 „
206 637 328 716 Gallio·
366 635 529 736 iutelligit
548 659 622 718 eom
635 635 801 717 duntaxat
818 639 944 716 Galliae
960 615 1112 742 portem,

99 785 189 862 quoe
210 763 362 847 noudum
377 788 398 839 a
412 765 578 842 Romanis
593 784 666 841 erat
689 765 864 844 debellato.
913 767 1111 872 Allobroges

97 890 188 970 euim
206 911 246 966 et
268 891 408 970 culam
426 891 657 990 provinciam,
680 915 727 972 ne
743 894 787 974 de
803 891 965 992 Cisalpina
979 893 1109 992 dicatu,

94 1017 242 1098 omittit.
291 1021 409 1098 Daris.

128 1145 325 1260 -Qurodaru
363 1169 408 1224 er
445 1146 513 1224 lroc
549 1145 663 1247 eapite
700 1147 868 1249 excerpfit
909 1148 1107 1229 Ammianus

96 1271 254 1352 Marcell.
282 1294 348 1366 15,
377 1295 434 1348 rr.
825 1269 836 1292 ⁰

146 1401 272 1478 Celtae.
318 1399 458 1478 Nomen
483 1398 550 1476 hoc
582 1401 708 1480 Galliae
733 1403 961 1480 Narboueulir
986 1400 1104 1478 incolit

91 1523 296 1626 proprium,
330 1527 432 1606 etiam
460 1528 509 1604 itu
539 1529 733 1628 usurputuur
754 1528 844 1618 esse,
867 1543 907 1604 ut
923 1525 966 1600 ad
987 1547 1105 1602 omues

93 1651 211 1732 Gallos
225 1651 481 1747 transferretur,
506 1673 609 1754 utque
623 1655 709 1733 adeo
727 1649 896 1730 iuterd'um
918 1653 1105 1730 Gennauor
1143 1719 1145 1726 .

86 1777 416 1877 comprehenderet,
441 1777 658 1860 ostenderunt
678 1776 872 1854 Perizonius
890 1775 932 1852 ad
950 1777 1028 1856 Ael.
1052 1779 1104 1856 V.

89 1907 133 1990 H
174 1928 240 1998 12,
264 1888 324 2004 23.¹
345 1923 382 1980 et
397 1903 550 1986 Frickius
571 1905 615 1980 de
635 1901 776 1981 Druidis
793 1927 830 2001 p.
854 1927 917 2002 23,
941 1901 1000 2002 qui
1017 1901 1103 1978 mul·

86 2049 147 2106 too
179 2031 262 2111 alios
288 2027 467 2128 scriptores
498 2031 543 2106 de
575 2031 735 2130 ampliore
760 2026 904 2104 nominis
931 2031 1102 2108 Celtarum

84 2154 334 2258 figufficotioue
357 2143 545 2235 enoruerat.

128 2285 339 2362 Provinciae.
364 2282 485 2356 Estea
501 2302 577 2382 pars
592 2279 740 2370 Galliae,
761 2303 846 2379 quae
868 2281 923 2358 illo
943 2299 1099 2378 tempore

80 2414 145 2512 laur
165 2411 206 2486 in
233 2398 414 2483 Romunu'e
436 2405 632 2502 provinciae
655 2403 798 2480 formam
822 2405 956 2482 redaola
980 2427 1066 2484 erat.

130 2535 291 2614 Helrerr'i.
332 2531 379 2606 Et
397 2529 433 2610 hl
455 2531 541 2609 Galli
553 2550 668 2624 eruut,
692 2529 820 2634 quippe
834 2531 922 2612 iutro
936 2531 1097 2611 Rhenum

80 2655 248 2736 contenti.
304 2659 420 2734 Cellor.
649 2658 653 2678 ⁴

81 2843 84 2852 .
127 2787 260 2862 Eorum.
294 2781 317 2863 i.
342 2803 376 2858 e.
398 2784 592 2884 Belgarum,
619 2787 810 2880 Gallorum,
831 2785 1095 2886 Aquitauorurrr.

83 2911 283 3006 Oudendorp.
338 2913 526 2992 Moouerat
558 2913 661 2988 etium
696 2911 907 2988 ciacconius.
965 2916 1093 3010 Spellor

82 3041 182 3113 inter.
217 3033 362 3112 Videtur
377 3041 411 3110 ln
426 3059 489 3136 pro
505 3041 587 3112 inter
600 3031 800 3136 legendum,
822 3049 863 3109 ut
884 3034 984 3134 paulu
1000 3053 1090 3114 aute.

82 3157 244 3261 Legerim
269 3159 389 3256 etium’,
424 3179 455 3237 er
471 3160 642 3260 sperlor.’'

130 3289 260 3390 Neque
273 3287 451 3364 verosunt
473 3289 618 3388 reliquae
638 3309 755 3365 omues
781 3285 816 3360 in
841 3283 905 3362 hac
921 3281 1091 3364 brevitate

81 3437 125 3492 uc
147 3401 311 3494 tenuiore
338 3415 486 3494 rotulae.
548 3413 699 3492 Subinde
722 3412 857 3494 uberior
881 3395 1092 3510 expromitur

79 3541 250 3634 doflriua,
262 3541 379 3642 prouti
391 3543 542 3618 locorum
557 3540 734 3619 difficultas
750 3539 888 3618 modum
901 3539 1090 3636 explicandi

78 3668 234 3770 pollulrt.
290 3669 411 3762 ltaque
432 3665 610 3764 specimine
630 3666 852 3744 excitabimus
877 3689 921 3740 err
951 3664 1088 3767 reliquis

78 3795 190 3888 libris,
216 3796 252 3873 in
274 3794 438 3895 primirin
455 3817 500 3870 eo
516 3813 668 3895 genere,
699 3791 793 3894 quod
822 3790 864 3870 ad
882 3789 1090 3870 eonstitueu·
1153 3788 1155 3796 ’
1204 3771 1208 3780 ’

78 3921 153 3999 duur
174 3923 357 4009 lellioueur
377 3921 537 4022 pertinet.

121 4053 200 4136 Lib.
220 4059 260 4148 l,
296 4079 330 4136 r.
373 4054 595 4148 Aquitaniae
618 4051 786 4127 Garumna
801 4048 940 4152 flumine
961 4045 1006 4119 orl
1025 4045 1091 4136 Py·

574 4175 654 4271 84
964 4269 969 4278 ,
1038 4187 1089 4244 re·
