<?xml version="1.0" encoding="UTF-8"?>
<!DOCTYPE html PUBLIC "-//W3C//DTD XHTML 1.0 Transitional//EN"
    "http://www.w3.org/TR/xhtml1/DTD/xhtml1-transitional.dtd">
<html xmlns="http://www.w3.org/1999/xhtml" xml:lang="en" lang="en">
 <head>
  <title>
</title>
<meta http-equiv="Content-Type" content="text/html;charset=utf-8" />
  <meta name='ocr-system' content='tesseract 3.04.00' />
  <meta name='ocr-capabilities' content='ocr_page ocr_carea ocr_par ocr_line ocrx_word'/>
</head>
<body>
  <div class='ocr_page' id='page_1' title='image "./bibliothecacrit00wyttgoog_0297.png"; bbox 0 0 2850 5278; ppageno 0'>
   <div class='ocr_carea' id='block_1_1' title="bbox 307 507 1290 612">
    <p class='ocr_par' dir='ltr' id='par_1_1' title="bbox 307 507 1290 612">
     <span class='ocr_line' id='line_1_1' title="bbox 307 507 1290 612; baseline 0.001 -13"><span class='ocrx_word' id='word_1_1' title='bbox 307 573 311 599; x_wconf 88' lang='lat'><strong><em>.</em></strong></span> <span class='ocrx_word' id='word_1_2' title='bbox 351 561 372 612; x_wconf 58' lang='grc' dir='ltr'><strong>ι</strong></span> <span class='ocrx_word' id='word_1_3' title='bbox 423 507 758 610; x_wconf 79' lang='lat' dir='ltr'>iuncoorn</span> <span class='ocrx_word' id='word_1_4' title='bbox 795 523 883 600; x_wconf 76' lang='lat' dir='ltr'>ort</span> <span class='ocrx_word' id='word_1_5' title='bbox 918 519 1290 610; x_wconf 78' lang='lat' dir='ltr'>vmtorsour</span> 
     </span>
    </p>
   </div>
   <div class='ocr_carea' id='block_1_2' title="bbox 357 695 1364 1055">
    <p class='ocr_par' dir='ltr' id='par_1_2' title="bbox 357 695 1364 1055">
     <span class='ocr_line' id='line_1_2' title="bbox 357 695 1363 797; baseline -0.016 -11"><span class='ocrx_word' id='word_1_6' title='bbox 357 733 430 786; x_wconf 87' lang='lat' dir='ltr'>mus</span> <span class='ocrx_word' id='word_1_7' title='bbox 453 705 583 794; x_wconf 84' lang='lat' dir='ltr'>etiam,</span> <span class='ocrx_word' id='word_1_8' title='bbox 616 725 694 776; x_wconf 89' lang='lat' dir='ltr'>cum</span> <span class='ocrx_word' id='word_1_9' title='bbox 714 698 849 797; x_wconf 90' lang='lat' dir='ltr'>quidem</span> <span class='ocrx_word' id='word_1_10' title='bbox 874 695 1167 794; x_wconf 87' lang='lat' dir='ltr'>operaepretium</span> <span class='ocrx_word' id='word_1_11' title='bbox 1191 695 1363 791; x_wconf 85' lang='lat' dir='ltr'><strong>fecerint,</strong></span> 
     </span>
     <span class='ocr_line' id='line_1_3' title="bbox 360 822 1363 939; baseline -0.014 -27"><span class='ocrx_word' id='word_1_12' title='bbox 360 857 425 914; x_wconf 87' lang='lat' dir='ltr'>nec</span> <span class='ocrx_word' id='word_1_13' title='bbox 447 851 560 906; x_wconf 88' lang='lat' dir='ltr'>tamen</span> <span class='ocrx_word' id='word_1_14' title='bbox 584 827 675 924; x_wconf 89' lang='lat' dir='ltr'>spem</span> <span class='ocrx_word' id='word_1_15' title='bbox 696 823 838 900; x_wconf 87' lang='lat' dir='ltr'>nostram</span> <span class='ocrx_word' id='word_1_16' title='bbox 863 822 1103 939; x_wconf 78' lang='lat' dir='ltr'>superaverint.</span> <span class='ocrx_word' id='word_1_17' title='bbox 1153 825 1205 897; x_wconf 83' lang='lat' dir='ltr'>Ita</span> <span class='ocrx_word' id='word_1_18' title='bbox 1222 822 1291 914; x_wconf 88' lang='lat' dir='ltr'>fit,</span> <span class='ocrx_word' id='word_1_19' title='bbox 1309 843 1363 898; x_wconf 85' lang='lat' dir='ltr'>ut</span> 
     </span>
     <span class='ocr_line' id='line_1_4' title="bbox 362 931 1364 1055; baseline -0.014 -20"><span class='ocrx_word' id='word_1_20' title='bbox 362 931 569 1055; x_wconf 72' lang='lat' dir='ltr'>&amp;iegentes</span> <span class='ocrx_word' id='word_1_21' title='bbox 596 935 834 1050; x_wconf 63' lang='lat' dir='ltr'>perperam&#39;de</span> <span class='ocrx_word' id='word_1_22' title='bbox 855 945 943 1020; x_wconf 77' lang='lat' dir='ltr'>libris</span> <span class='ocrx_word' id='word_1_23' title='bbox 961 943 1127 1036; x_wconf 85' lang='lat' dir='ltr'>statuant²</span> <span class='ocrx_word' id='word_1_24' title='bbox 1152 945 1190 1020; x_wconf 75' lang='lat' dir='ltr'>t&amp;</span> <span class='ocrx_word' id='word_1_25' title='bbox 1209 945 1364 1042; x_wconf 82' lang='lat' dir='ltr'>optimus</span> 
     </span>
    </p>
   </div>
   <div class='ocr_carea' id='block_1_3' title="bbox 276 1067 1396 4280">
    <p class='ocr_par' dir='ltr' id='par_1_3' title="bbox 363 1067 1364 1182">
     <span class='ocr_line' id='line_1_5' title="bbox 363 1067 1364 1182; baseline -0.009 -27"><span class='ocrx_word' id='word_1_26' title='bbox 363 1082 504 1182; x_wconf 88' lang='lat' dir='ltr'>quisque</span> <span class='ocrx_word' id='word_1_27' title='bbox 538 1077 688 1171; x_wconf 88' lang='lat' dir='ltr'>Scriptor</span> <span class='ocrx_word' id='word_1_28' title='bbox 717 1073 758 1144; x_wconf 84' lang='lat' dir='ltr'>ad</span> <span class='ocrx_word' id='word_1_29' title='bbox 779 1070 992 1167; x_wconf 79' lang='lat' dir='ltr'>iniquissimas</span> <span class='ocrx_word' id='word_1_30' title='bbox 1019 1067 1124 1142; x_wconf 87' lang='lat' dir='ltr'>laudis</span> <span class='ocrx_word' id='word_1_31' title='bbox 1148 1071 1364 1146; x_wconf 78' lang='lat' dir='ltr'>conditiones</span> 
     </span>
    </p>

    <p class='ocr_par' dir='ltr' id='par_1_4' title="bbox 363 1191 1362 1302">
     <span class='ocr_line' id='line_1_6' title="bbox 363 1191 1362 1302; baseline -0.011 -21"><span class='ocrx_word' id='word_1_32' title='bbox 363 1205 559 1302; x_wconf 81' lang='lat' dir='ltr'>redigatur..</span> <span class='ocrx_word' id='word_1_33' title='bbox 594 1205 644 1277; x_wconf 86' lang='lat' dir='ltr'>Et</span> <span class='ocrx_word' id='word_1_34' title='bbox 668 1199 756 1274; x_wconf 87' lang='lat' dir='ltr'>haud</span> <span class='ocrx_word' id='word_1_35' title='bbox 779 1196 903 1270; x_wconf 71' lang='lat' dir='ltr'>somus</span> <span class='ocrx_word' id='word_1_36' title='bbox 922 1215 965 1266; x_wconf 89' lang='lat' dir='ltr'>an</span> <span class='ocrx_word' id='word_1_37' title='bbox 991 1191 1047 1266; x_wconf 88' lang='lat' dir='ltr'>hic</span> <span class='ocrx_word' id='word_1_38' title='bbox 1073 1216 1167 1267; x_wconf 88' lang='lat' dir='ltr'>error</span> <span class='ocrx_word' id='word_1_39' title='bbox 1191 1199 1362 1270; x_wconf 77' lang='lat' dir='ltr'>mentibus</span> 
     </span>
    </p>

    <p class='ocr_par' dir='ltr' id='par_1_5' title="bbox 364 1317 1362 1430">
     <span class='ocr_line' id='line_1_7' title="bbox 364 1317 1362 1430; baseline -0.003 -28"><span class='ocrx_word' id='word_1_40' title='bbox 364 1333 597 1430; x_wconf 88' lang='lat' dir='ltr'>plerorumque</span> <span class='ocrx_word' id='word_1_41' title='bbox 626 1325 783 1399; x_wconf 82' lang='lat' dir='ltr'>offecerit</span> <span class='ocrx_word' id='word_1_42' title='bbox 813 1323 847 1396; x_wconf 91' lang='lat' dir='ltr'>in</span> <span class='ocrx_word' id='word_1_43' title='bbox 874 1319 971 1416; x_wconf 84' lang='lat' dir='ltr'>hujus</span> <span class='ocrx_word' id='word_1_44' title='bbox 998 1317 1072 1390; x_wconf 83' lang='lat' dir='ltr'>libri</span> <span class='ocrx_word' id='word_1_45' title='bbox 1105 1319 1362 1400; x_wconf 83' lang='lat' dir='ltr'>existimatione.</span> 
     </span>
    </p>

    <p class='ocr_par' dir='ltr' id='par_1_6' title="bbox 370 1443 1364 1550">
     <span class='ocr_line' id='line_1_8' title="bbox 370 1443 1364 1550; baseline -0.009 -22"><span class='ocrx_word' id='word_1_46' title='bbox 370 1453 564 1550; x_wconf 81' lang='lat' dir='ltr'>Complures</span> <span class='ocrx_word' id='word_1_47' title='bbox 584 1451 658 1524; x_wconf 90' lang='lat' dir='ltr'>sunt</span> <span class='ocrx_word' id='word_1_48' title='bbox 684 1448 781 1539; x_wconf 80' lang='lat' dir='ltr'>arani,</span> <span class='ocrx_word' id='word_1_49' title='bbox 808 1471 909 1544; x_wconf 88' lang='lat' dir='ltr'>quum</span> <span class='ocrx_word' id='word_1_50' title='bbox 930 1443 1002 1540; x_wconf 87' lang='lat' dir='ltr'>ejus</span> <span class='ocrx_word' id='word_1_51' title='bbox 1024 1443 1207 1520; x_wconf 81' lang='lat' dir='ltr'>editionem</span> <span class='ocrx_word' id='word_1_52' title='bbox 1234 1447 1364 1544; x_wconf 85' lang='lat' dir='ltr'>pollici-</span> 
     </span>
    </p>

    <p class='ocr_par' dir='ltr' id='par_1_7' title="bbox 369 1571 1362 1668">
     <span class='ocr_line' id='line_1_9' title="bbox 369 1571 1362 1668; baseline -0.004 -14"><span class='ocrx_word' id='word_1_53' title='bbox 369 1598 425 1654; x_wconf 89' lang='lat' dir='ltr'>tus</span> <span class='ocrx_word' id='word_1_54' title='bbox 460 1596 512 1651; x_wconf 92' lang='lat' dir='ltr'>est</span> <span class='ocrx_word' id='word_1_55' title='bbox 540 1575 768 1653; x_wconf 84' lang='lat' dir='ltr'>Villoisonns:</span> <span class='ocrx_word' id='word_1_56' title='bbox 812 1571 975 1645; x_wconf 83' lang='lat' dir='ltr'>continuo</span> <span class='ocrx_word' id='word_1_57' title='bbox 1008 1592 1123 1643; x_wconf 86' lang='lat' dir='ltr'>rumor</span> <span class='ocrx_word' id='word_1_58' title='bbox 1155 1593 1362 1668; x_wconf 90' lang='lat' dir='ltr'>per·totum</span> 
     </span>
    </p>

    <p class='ocr_par' dir='ltr' id='par_1_8' title="bbox 370 1694 1364 1796">
     <span class='ocr_line' id='line_1_10' title="bbox 370 1694 1364 1796; baseline -0.005 -16"><span class='ocrx_word' id='word_1_59' title='bbox 370 1707 487 1780; x_wconf 87' lang='lat' dir='ltr'>orbem</span> <span class='ocrx_word' id='word_1_60' title='bbox 500 1703 667 1774; x_wconf 89' lang='lat' dir='ltr'>literatum</span> <span class='ocrx_word' id='word_1_61' title='bbox 678 1697 985 1796; x_wconf 85' lang='lat' dir='ltr'>percrebrescebat:</span> <span class='ocrx_word' id='word_1_62' title='bbox 1013 1694 1364 1794; x_wconf 77' lang='lat' dir='ltr'>ferebaturpraestnn·</span> 
     </span>
    </p>

    <p class='ocr_par' dir='ltr' id='par_1_9' title="bbox 342 1791 1366 2176">
     <span class='ocr_line' id='line_1_11' title="bbox 342 1791 1366 1924; baseline 0 -23"><span class='ocrx_word' id='word_1_63' title='bbox 342 1791 346 1802; x_wconf 39' lang='grc'><strong>’</strong></span> <span class='ocrx_word' id='word_1_64' title='bbox 366 1831 415 1914; x_wconf 85' lang='lat' dir='ltr'>tia</span> <span class='ocrx_word' id='word_1_65' title='bbox 437 1827 565 1924; x_wconf 90' lang='lat' dir='ltr'>operis,</span> <span class='ocrx_word' id='word_1_66' title='bbox 589 1821 679 1922; x_wconf 93' lang='lat' dir='ltr'>quod</span> <span class='ocrx_word' id='word_1_67' title='bbox 697 1821 886 1896; x_wconf 87' lang='lat' dir='ltr'>contineret</span> <span class='ocrx_word' id='word_1_68' title='bbox 906 1817 1071 1902; x_wconf 79' lang='lat' dir='ltr'>historiam</span> <span class='ocrx_word' id='word_1_69' title='bbox 1086 1821 1260 1917; x_wconf 86' lang='lat' dir='ltr'>Deorum,</span> <span class='ocrx_word' id='word_1_70' title='bbox 1287 1827 1366 1902; x_wconf 86' lang='lat' dir='ltr'>He·</span> 
     </span>
     <span class='ocr_line' id='line_1_12' title="bbox 345 1941 1365 2044; baseline 0.002 -16"><span class='ocrx_word' id='word_1_71' title='bbox 345 1957 484 2044; x_wconf 64' lang='lat' dir='ltr'>noum,</span> <span class='ocrx_word' id='word_1_72' title='bbox 508 1952 546 2027; x_wconf 69' lang='grc' dir='ltr'><strong>ἃ</strong></span> <span class='ocrx_word' id='word_1_73' title='bbox 567 1950 736 2024; x_wconf 90' lang='lat' dir='ltr'>hominum</span> <span class='ocrx_word' id='word_1_74' title='bbox 759 1945 960 2020; x_wconf 73' lang='lat' dir='ltr'>dottorum:</span> <span class='ocrx_word' id='word_1_75' title='bbox 985 1945 1056 2042; x_wconf 81' lang='lat' dir='ltr'>spen</span> <span class='ocrx_word' id='word_1_76' title='bbox 1070 1941 1255 2041; x_wconf 81' lang='lat' dir='ltr'>existebat,</span> <span class='ocrx_word' id='word_1_77' title='bbox 1278 1955 1365 2029; x_wconf 85' lang='lat' dir='ltr'>mul·</span> 
     </span>
     <span class='ocr_line' id='line_1_13' title="bbox 372 2065 1365 2176; baseline 0.003 -24"><span class='ocrx_word' id='word_1_78' title='bbox 372 2099 422 2152; x_wconf 88' lang='lat' dir='ltr'>tas</span> <span class='ocrx_word' id='word_1_79' title='bbox 440 2099 482 2152; x_wconf 76' lang='lat' dir='ltr'>err</span> <span class='ocrx_word' id='word_1_80' title='bbox 497 2071 742 2171; x_wconf 78' lang='lat' dir='ltr'>eo&#39;inc&#39;ognitat</span> <span class='ocrx_word' id='word_1_81' title='bbox 757 2065 979 2165; x_wconf 86' lang='lat' dir='ltr'>Antiquitatis</span> <span class='ocrx_word' id='word_1_82' title='bbox 992 2085 1105 2166; x_wconf 82' lang='lat' dir='ltr'>partes</span> <span class='ocrx_word' id='word_1_83' title='bbox 1122 2073 1365 2176; x_wconf 83' lang='lat' dir='ltr'>inlucempro·</span> 
     </span>
    </p>

    <p class='ocr_par' dir='ltr' id='par_1_10' title="bbox 349 2193 1367 2554">
     <span class='ocr_line' id='line_1_14' title="bbox 349 2193 1364 2298; baseline 0.007 -24"><span class='ocrx_word' id='word_1_84' title='bbox 349 2205 474 2278; x_wconf 82' lang='lat' dir='ltr'>‚lutum</span> <span class='ocrx_word' id='word_1_85' title='bbox 495 2197 556 2274; x_wconf 85' lang='lat' dir='ltr'>iri:</span> <span class='ocrx_word' id='word_1_86' title='bbox 580 2217 696 2298; x_wconf 87' lang='lat' dir='ltr'>erant,</span> <span class='ocrx_word' id='word_1_87' title='bbox 710 2197 768 2296; x_wconf 88' lang='lat' dir='ltr'>qui</span> <span class='ocrx_word' id='word_1_88' title='bbox 793 2194 997 2291; x_wconf 83' lang='lat' dir='ltr'>cogitatione</span> <span class='ocrx_word' id='word_1_89' title='bbox 1017 2193 1238 2276; x_wconf 86' lang='lat' dir='ltr'>informarent</span> <span class='ocrx_word' id='word_1_90' title='bbox 1261 2205 1364 2282; x_wconf 76' lang='lat' dir='ltr'>lexi-</span> 
     </span>
     <span class='ocr_line' id='line_1_15' title="bbox 353 2319 1367 2424; baseline 0.005 -24"><span class='ocrx_word' id='word_1_91' title='bbox 353 2351 435 2408; x_wconf 74' lang='lat' dir='ltr'>,con</span> <span class='ocrx_word' id='word_1_92' title='bbox 466 2324 623 2424; x_wconf 87' lang='lat' dir='ltr'>frequens</span> <span class='ocrx_word' id='word_1_93' title='bbox 647 2325 855 2420; x_wconf 84' lang='lat' dir='ltr'>perditorum</span> <span class='ocrx_word' id='word_1_94' title='bbox 873 2319 1081 2417; x_wconf 79' lang='lat' dir='ltr'>Scriptorum</span> <span class='ocrx_word' id='word_1_95' title='bbox 1107 2321 1218 2412; x_wconf 73' lang='lat' dir='ltr'>locis:</span> <span class='ocrx_word' id='word_1_96' title='bbox 1243 2349 1367 2424; x_wconf 81' lang='lat' dir='ltr'>erant,</span> 
     </span>
     <span class='ocr_line' id='line_1_16' title="bbox 371 2438 1367 2554; baseline 0.007 -29"><span class='ocrx_word' id='word_1_97' title='bbox 371 2453 490 2552; x_wconf 89' lang='lat' dir='ltr'>quibus</span> <span class='ocrx_word' id='word_1_98' title='bbox 516 2449 748 2525; x_wconf 88' lang='lat' dir='ltr'>obversaretur</span> <span class='ocrx_word' id='word_1_99' title='bbox 770 2447 929 2526; x_wconf 71' lang='lat' dir='ltr'>Auctoris</span> <span class='ocrx_word' id='word_1_100' title='bbox 953 2438 1030 2520; x_wconf 87' lang='lat' dir='ltr'>cum</span> <span class='ocrx_word' id='word_1_101' title='bbox 1051 2446 1151 2524; x_wconf 81' lang='lat' dir='ltr'>senus</span> <span class='ocrx_word' id='word_1_102' title='bbox 1180 2470 1252 2528; x_wconf 89' lang='lat' dir='ltr'>tum</span> <span class='ocrx_word' id='word_1_103' title='bbox 1276 2456 1367 2554; x_wconf 79' lang='lat' dir='ltr'>regia</span> 
     </span>
    </p>

    <p class='ocr_par' dir='ltr' id='par_1_11' title="bbox 371 2569 1368 2684">
     <span class='ocr_line' id='line_1_17' title="bbox 371 2569 1368 2684; baseline 0.007 -35"><span class='ocrx_word' id='word_1_104' title='bbox 371 2573 570 2674; x_wconf 84' lang='lat' dir='ltr'>dignitas,</span> <span class='ocrx_word' id='word_1_105' title='bbox 560 2576 731 2672; x_wconf 79' lang='lat' dir='ltr'>inquibus</span> <span class='ocrx_word' id='word_1_106' title='bbox 755 2572 905 2648; x_wconf 73' lang='lat' dir='ltr'>dotirina</span> <span class='ocrx_word' id='word_1_107' title='bbox 928 2569 1078 2668; x_wconf 85' lang='lat' dir='ltr'>quamvis</span> <span class='ocrx_word' id='word_1_108' title='bbox 1094 2575 1294 2684; x_wconf 77' lang='lat' dir='ltr'>mediocris,</span> <span class='ocrx_word' id='word_1_109' title='bbox 1318 2601 1368 2655; x_wconf 80' lang='grc' dir='ltr'><strong>ιιι-</strong></span> 
     </span>
    </p>

    <p class='ocr_par' dir='ltr' id='par_1_12' title="bbox 373 2673 1370 2800">
     <span class='ocr_line' id='line_1_18' title="bbox 373 2673 1370 2800; baseline 0.008 -24"><span class='ocrx_word' id='word_1_110' title='bbox 373 2716 451 2776; x_wconf 85' lang='lat' dir='ltr'>rnen</span> <span class='ocrx_word' id='word_1_111' title='bbox 469 2723 537 2798; x_wconf 90' lang='lat' dir='ltr'>quo</span> <span class='ocrx_word' id='word_1_112' title='bbox 560 2717 612 2773; x_wconf 83' lang='lat' dir='ltr'>est</span> <span class='ocrx_word' id='word_1_113' title='bbox 626 2694 748 2790; x_wconf 88' lang='lat' dir='ltr'>rarior,</span> <span class='ocrx_word' id='word_1_114' title='bbox 784 2721 827 2771; x_wconf 93' lang='lat' dir='ltr'>eo</span> <span class='ocrx_word' id='word_1_115' title='bbox 849 2697 1008 2792; x_wconf 88' lang='lat' dir='ltr'>majorem</span> <span class='ocrx_word' id='word_1_116' title='bbox 1033 2697 1132 2772; x_wconf 87' lang='lat' dir='ltr'>habet</span> <span class='ocrx_word' id='word_1_117' title='bbox 1153 2673 1370 2800; x_wconf 78' lang='lat' dir='ltr'>commenda·</span> 
     </span>
    </p>

    <p class='ocr_par' dir='ltr' id='par_1_13' title="bbox 372 2817 1372 2918">
     <span class='ocr_line' id='line_1_19' title="bbox 372 2817 1372 2918; baseline 0.002 -19"><span class='ocrx_word' id='word_1_118' title='bbox 372 2829 520 2899; x_wconf 86' lang='lat' dir='ltr'>tionem:</span> <span class='ocrx_word' id='word_1_119' title='bbox 544 2823 612 2896; x_wconf 90' lang='lat' dir='ltr'>huc</span> <span class='ocrx_word' id='word_1_120' title='bbox 635 2822 817 2896; x_wconf 83' lang='lat' dir='ltr'>accedebat</span> <span class='ocrx_word' id='word_1_121' title='bbox 842 2817 1048 2918; x_wconf 67' lang='lat' dir='ltr'>exspetiatio</span> <span class='ocrx_word' id='word_1_122' title='bbox 1069 2823 1260 2900; x_wconf 85' lang='lat' dir='ltr'>eruditionis</span> <span class='ocrx_word' id='word_1_123' title='bbox 1287 2832 1372 2910; x_wconf 81' lang='lat' dir='ltr'>Vil-</span> 
     </span>
    </p>

    <p class='ocr_par' dir='ltr' id='par_1_14' title="bbox 372 2947 1371 3046">
     <span class='ocr_line' id='line_1_20' title="bbox 372 2947 1371 3046; baseline 0.008 -22"><span class='ocrx_word' id='word_1_124' title='bbox 372 2947 589 3038; x_wconf 87' lang='lat' dir='ltr'>loisouianae‚</span> <span class='ocrx_word' id='word_1_125' title='bbox 614 2959 678 3046; x_wconf 82' lang='lat' dir='ltr'>q&#39;ua</span> <span class='ocrx_word' id='word_1_126' title='bbox 703 2973 788 3046; x_wconf 83' lang='lat' dir='ltr'>opus</span> <span class='ocrx_word' id='word_1_127' title='bbox 807 2947 850 3023; x_wconf 88' lang='lat' dir='ltr'>ad</span> <span class='ocrx_word' id='word_1_128' title='bbox 870 2949 1008 3024; x_wconf 84' lang='lat' dir='ltr'>aliorum</span> <span class='ocrx_word' id='word_1_129' title='bbox 1034 2947 1286 3046; x_wconf 79' lang='lat' dir='ltr'>intelligentiam</span> <span class='ocrx_word' id='word_1_130' title='bbox 1308 2979 1371 3032; x_wconf 73' lang='lat' dir='ltr'>ex·</span> 
     </span>
    </p>

    <p class='ocr_par' dir='ltr' id='par_1_15' title="bbox 372 3071 1396 3181">
     <span class='ocr_line' id='line_1_21' title="bbox 374 3071 1396 3181; baseline 0.009 -34.982"><span class='ocrx_word' id='word_1_131' title='bbox 374 3071 564 3173; x_wconf 83' lang='lat' dir='ltr'>plicaretur.</span> <span class='ocrx_word' id='word_1_132' title='bbox 624 3075 741 3172; x_wconf 89' lang='lat' dir='ltr'>Atque</span> <span class='ocrx_word' id='word_1_133' title='bbox 777 3091 832 3148; x_wconf 90' lang='lat' dir='ltr'>tot</span> <span class='ocrx_word' id='word_1_134' title='bbox 864 3091 1037 3169; x_wconf 82' lang='lat' dir='ltr'>tantasque</span> <span class='ocrx_word' id='word_1_135' title='bbox 1072 3071 1146 3164; x_wconf 77' lang='lat' dir='ltr'>libri</span> <span class='ocrx_word' id='word_1_136' title='bbox 1184 3076 1284 3156; x_wconf 86' lang='lat' dir='ltr'>dotes</span> <span class='ocrx_word' id='word_1_137' title='bbox 1316 3083 1396 3181; x_wconf 72' lang='lat' dir='ltr'>qui.</span> 
     </span>
    </p>

    <p class='ocr_par' dir='ltr' id='par_1_16' title="bbox 377 3197 1368 3302">
     <span class='ocr_line' id='line_1_22' title="bbox 377 3197 1368 3302; baseline 0.012 -29"><span class='ocrx_word' id='word_1_138' title='bbox 377 3197 537 3296; x_wconf 88' lang='lat' dir='ltr'>opinione</span> <span class='ocrx_word' id='word_1_139' title='bbox 557 3198 802 3296; x_wconf 76' lang='lat' dir='ltr'>praecepissent</span> <span class='ocrx_word' id='word_1_140' title='bbox 822 3223 861 3274; x_wconf 86' lang='lat' dir='ltr'>ac</span> <span class='ocrx_word' id='word_1_141' title='bbox 881 3197 1115 3290; x_wconf 79' lang='lat' dir='ltr'>devorassent,</span> <span class='ocrx_word' id='word_1_142' title='bbox 1138 3201 1186 3276; x_wconf 87' lang='lat' dir='ltr'>ita</span> <span class='ocrx_word' id='word_1_143' title='bbox 1208 3209 1368 3302; x_wconf 78' lang='lat' dir='ltr'>paulatim</span> 
     </span>
    </p>

    <p class='ocr_par' dir='ltr' id='par_1_17' title="bbox 376 3319 1371 3424">
     <span class='ocr_line' id='line_1_23' title="bbox 376 3319 1371 3424; baseline 0.008 -24"><span class='ocrx_word' id='word_1_144' title='bbox 376 3325 467 3400; x_wconf 75' lang='lat' dir='ltr'>suam</span> <span class='ocrx_word' id='word_1_145' title='bbox 499 3323 557 3421; x_wconf 80' lang='lat' dir='ltr'>ipsi</span> <span class='ocrx_word' id='word_1_146' title='bbox 590 3326 681 3421; x_wconf 85' lang='lat' dir='ltr'>spem</span> <span class='ocrx_word' id='word_1_147' title='bbox 712 3331 879 3420; x_wconf 87' lang='lat' dir='ltr'>augebant</span> <span class='ocrx_word' id='word_1_148' title='bbox 910 3343 1012 3424; x_wconf 87' lang='lat' dir='ltr'>atque</span> <span class='ocrx_word' id='word_1_149' title='bbox 1034 3319 1265 3403; x_wconf 85' lang='lat' dir='ltr'>¹incendebant</span> <span class='ocrx_word' id='word_1_150' title='bbox 1284 3385 1297 3423; x_wconf 89' lang='lat'><strong>,</strong></span> <span class='ocrx_word' id='word_1_151' title='bbox 1313 3351 1371 3410; x_wconf 78' lang='lat' dir='ltr'>,ut</span> 
     </span>
    </p>

    <p class='ocr_par' dir='ltr' id='par_1_18' title="bbox 363 3439 1373 3676">
     <span class='ocr_line' id='line_1_24' title="bbox 363 3439 1371 3548; baseline 0.007 -24"><span class='ocrx_word' id='word_1_152' title='bbox 363 3447 954 3545; x_wconf 67' lang='lat' dir='ltr'>·nusuerre1m110m0u0p0aset.</span> <span class='ocrx_word' id='word_1_153' title='bbox 986 3451 1131 3548; x_wconf 69' lang='lat' dir='ltr'>agrurn,</span> <span class='ocrx_word' id='word_1_154' title='bbox 1156 3443 1241 3529; x_wconf 68' lang='lat' dir='ltr'>nnio</span> <span class='ocrx_word' id='word_1_155' title='bbox 1257 3439 1371 3548; x_wconf 67' lang='lat' dir='ltr'>into,</span> 
     </span>
     <span class='ocr_line' id='line_1_25' title="bbox 379 3567 1373 3676; baseline 0.007 -28"><span class='ocrx_word' id='word_1_156' title='bbox 379 3567 526 3672; x_wconf 83' lang='lat' dir='ltr'>imperiti</span> <span class='ocrx_word' id='word_1_157' title='bbox 555 3572 590 3646; x_wconf 88' lang='lat' dir='ltr'>in</span> <span class='ocrx_word' id='word_1_158' title='bbox 618 3591 760 3646; x_wconf 82' lang='lat' dir='ltr'>externo</span> <span class='ocrx_word' id='word_1_159' title='bbox 787 3574 859 3669; x_wconf 81' lang='lat' dir='ltr'>ejus</span> <span class='ocrx_word' id='word_1_160' title='bbox 886 3573 1000 3650; x_wconf 81' lang='lat' dir='ltr'>imbitu</span> <span class='ocrx_word' id='word_1_161' title='bbox 1024 3576 1228 3672; x_wconf 80' lang='lat' dir='ltr'>offendere,</span> <span class='ocrx_word' id='word_1_162' title='bbox 1264 3583 1373 3676; x_wconf 82' lang='lat' dir='ltr'>majus</span> 
     </span>
    </p>

    <p class='ocr_par' dir='ltr' id='par_1_19' title="bbox 362 3691 1375 3816">
     <span class='ocr_line' id='line_1_26' title="bbox 362 3691 1375 3816; baseline 0.01 -48.185"><span class='ocrx_word' id='word_1_163' title='bbox 362 3699 609 3816; x_wconf 26' lang='lat' dir='ltr'>polemon,</span> <span class='ocrx_word' id='word_1_164' title='bbox 586 3695 733 3772; x_wconf 80' lang='lat' dir='ltr'>Editoris</span> <span class='ocrx_word' id='word_1_165' title='bbox 756 3703 1061 3794; x_wconf 81' lang='lat' dir='ltr'>commentarium,</span> <span class='ocrx_word' id='word_1_166' title='bbox 1067 3693 1110 3780; x_wconf 77' lang='lat' dir='ltr'>‘oc</span> <span class='ocrx_word' id='word_1_167' title='bbox 1136 3691 1252 3780; x_wconf 66' lang='lat' dir='ltr'>nescio</span> <span class='ocrx_word' id='word_1_168' title='bbox 1271 3704 1375 3802; x_wconf 85' lang='lat' dir='ltr'>quid,</span> 
     </span>
    </p>

    <p class='ocr_par' dir='ltr' id='par_1_20' title="bbox 379 3819 1375 3921">
     <span class='ocr_line' id='line_1_27' title="bbox 379 3819 1375 3921; baseline 0.016 -29"><span class='ocrx_word' id='word_1_169' title='bbox 379 3819 1170 3921; x_wconf 69' lang='lat' dir='ltr'>desiderare:·peniiores‚1evrrertmttarolrbro</span> <span class='ocrx_word' id='word_1_170' title='bbox 1182 3847 1375 3908; x_wconf 68' lang='lat' dir='ltr'>nonomen</span> 
     </span>
    </p>

    <p class='ocr_par' dir='ltr' id='par_1_21' title="bbox 276 3947 1377 4280">
     <span class='ocr_line' id='line_1_28' title="bbox 276 3947 1373 4056; baseline 0.014 -37"><span class='ocrx_word' id='word_1_171' title='bbox 276 4015 282 4026; x_wconf 87' lang='grc'><em>,</em></span> <span class='ocrx_word' id='word_1_172' title='bbox 381 3947 425 4021; x_wconf 90' lang='lat' dir='ltr'>de</span> <span class='ocrx_word' id='word_1_173' title='bbox 446 3963 619 4022; x_wconf 89' lang='lat' dir='ltr'>momento</span> <span class='ocrx_word' id='word_1_174' title='bbox 640 3951 712 4046; x_wconf 86' lang='lat' dir='ltr'>ejus</span> <span class='ocrx_word' id='word_1_175' title='bbox 736 3949 908 4043; x_wconf 78' lang='lat' dir='ltr'>statuere,</span> <span class='ocrx_word' id='word_1_176' title='bbox 938 3950 995 4026; x_wconf 85' lang='lat' dir='ltr'>sed</span> <span class='ocrx_word' id='word_1_177' title='bbox 1013 3951 1166 4030; x_wconf 77' lang='lat' dir='ltr'>incidere</span> <span class='ocrx_word' id='word_1_178' title='bbox 1186 3957 1310 4056; x_wconf 80' lang='lat' dir='ltr'>partim</span> <span class='ocrx_word' id='word_1_179' title='bbox 1337 3959 1373 4034; x_wconf 82' lang='lat' dir='ltr'>in</span> 
     </span>
     <span class='ocr_line' id='line_1_29' title="bbox 357 4061 1377 4179; baseline 0.011 -32"><span class='ocrx_word' id='word_1_180' title='bbox 357 4061 432 4148; x_wconf 74' lang='lat' dir='ltr'>¹r&#39;et</span> <span class='ocrx_word' id='word_1_181' title='bbox 464 4071 616 4172; x_wconf 80' lang='lat' dir='ltr'>cognitas</span> <span class='ocrx_word' id='word_1_182' title='bbox 628 4127 639 4164; x_wconf 90' lang='lat'>‚</span> <span class='ocrx_word' id='word_1_183' title='bbox 664 4077 784 4172; x_wconf 79' lang='lat' dir='ltr'>partito</span> <span class='ocrx_word' id='word_1_184' title='bbox 809 4077 845 4152; x_wconf 85' lang='lat' dir='ltr'>in</span> <span class='ocrx_word' id='word_1_185' title='bbox 874 4074 1083 4179; x_wconf 70' lang='lat' dir='ltr'>incogruum,</span> <span class='ocrx_word' id='word_1_186' title='bbox 1108 4090 1190 4160; x_wconf 69' lang='lat' dir='ltr'>nib</span> <span class='ocrx_word' id='word_1_187' title='bbox 1204 4065 1377 4161; x_wconf 73' lang='lat' dir='ltr'>recoidni</span> 
     </span>
     <span class='ocr_line' id='line_1_30' title="bbox 416 4217 1373 4280; baseline 0.006 -6"><span class='ocrx_word' id='word_1_188' title='bbox 416 4217 419 4222; x_wconf 78' lang='grc'>’</span> <span class='ocrx_word' id='word_1_189' title='bbox 1097 4249 1102 4256; x_wconf 94' lang='grc'>-</span> <span class='ocrx_word' id='word_1_190' title='bbox 1197 4221 1201 4232; x_wconf 93' lang='grc'><em>·</em></span> <span class='ocrx_word' id='word_1_191' title='bbox 1260 4223 1373 4280; x_wconf 51' lang='lat' dir='ltr'>*aut</span> 
     </span>
    </p>
   </div>
   <div class='ocr_carea' id='block_1_4' title="bbox 0 0 1455 5278">
    <p class='ocr_par' dir='ltr' id='par_1_22' title="bbox 0 0 1455 5278">
     <span class='ocr_line' id='line_1_31' title="bbox 0 0 1455 5278; baseline 0 0"><span class='ocrx_word' id='word_1_192' title='bbox 0 0 1455 5278; x_wconf 95' lang='lat' dir='ltr'> </span> 
     </span>
    </p>
   </div>
  </div>
 </body>
</html>
