2858 5280
332 471 401 568 136
457 445 844 538 Runnrrouns
875 427 1224 526 nnnvrbraun

334 665 413 720 cum
445 630 579 710 Volscis
607 623 749 702 devietis
780 643 859 722 ager
881 606 1080 699 veliternus
1110 623 1199 700 esset
1223 623 1346 701 adem·

337 787 419 854 tur,
443 757 593 837 Velitras
614 751 734 829 Coloni
757 749 799 823 ab
822 748 918 826 Urbe
940 745 1027 820 tuitii
1052 747 1091 824 u
1114 751 1254 826 Colonia
1283 753 1348 828 de·

339 867 465 966 dubia:
491 881 635 958 sednon
658 873 717 951 nib
739 873 928 974 gmvinlima
955 871 995 949 dt
1016 874 1207 951 inexorabili
1231 868 1348 976 poenit
1414 849 1415 898 ³

206 1053 212 1060 ,
341 1007 511 1122 propofita
548 1004 693 1092 exiere,
738 997 797 1096 qui
826 997 917 1074 sorte
959 997 1053 1073 dutti
1102 1001 1197 1075 exire
1230 1001 1350 1075 detre⁴

347 1137 543 1214 blaterant:
574 1125 696 1229 (Dion.
723 1125 803 1200 Hal.
830 1121 926 1216 Vll,
955 1149 1020 1222 13:
1062 1125 1141 1202 Liv.
1172 1129 1227 1220 11,
1253 1129 1347 1228 qn).

348 1267 436 1339 eum
458 1277 565 1354 pauet
588 1251 633 1326 de
653 1249 714 1342 iir,
739 1273 825 1348 quae
843 1249 885 1326 ad
903 1253 960 1326 lur
982 1253 1159 1328 Publieurn
1175 1255 1348 1329 Romano·

309 1459 319 1480 Ι
346 1407 422 1462 rum
442 1377 620 1480 spectent,
644 1377 680 1452 in
705 1375 932 1474 Stript'oribur
959 1377 1124 1456 Romanis
1150 1399 1346 1470 occurrant,

348 1506 511 1612 probabili
526 1500 686 1601 opinione
702 1501 859 1600 pleraque
881 1505 956 1580 sunt
978 1503 1220 1583 constituenda
1271 1509 1349 1582 Mt·

347 1635 510 1713 bifestum
534 1647 648 1704 autem
678 1627 745 1712 lit,
779 1648 931 1728 tempora
953 1627 992 1704 u
1022 1651 1076 1702 res
1099 1629 1179 1727 ipsas
1202 1632 1350 1725 potius,

348 1783 449 1860 quam
488 1753 683 1853 exquilitttm
723 1751 862 1848 aliquam
905 1753 1141 1852 prudentiam,
1179 1753 1350 1852 principio

348 1883 491 1974 silton,
521 1900 651 1957 morem
682 1875 722 1954 dt
754 1873 942 1954 institutum
969 1879 1036 1954 boc
1070 1881 1103 1954 in
1136 1879 1262 1978 Remp.
1295 1881 1349 1953 in-

349 2006 475 2084 tulisse.
538 2003 787 2080 Necerfiutem
831 2005 1043 2081 Coloniarum
1081 2003 1351 2080 deducendarum

350 2129 514 2210 Rotnanio
541 2127 627 2202 feeit
667 2139 802 2228 quoque
826 2127 990 2224 immune,
1024 2131 1118 2231 quod
1151 2151 1223 2206 tum
1258 2153 1352 2220 erat,

347 2259 404 2366 jus
437 2255 541 2348 belli,
573 2279 672 2348 cum,
701 2253 904 2351 omnipube
935 2255 1028 2329 caesa
1052 2271 1113 2329 aut
1135 2255 1194 2330 sub
1228 2279 1351 2330 corona

352 2381 512 2472 vendita,
532 2383 703 2456 uastitiem
717 2401 871 2479 agromm
891 2379 1055 2460 fecerent.
1105 2382 1201 2480 Ager
1217 2399 1353 2476 captus,

351 2527 393 2581 ut
416 2505 564 2580 adferret
594 2503 795 2592 utilitatem,
819 2503 1081 2606 frequentandus
1109 2527 1183 2580 erat
1204 2505 1355 2587 Colonisz

353 2653 419 2716 nec
442 2630 663 2718 minuetum,
688 2651 767 2701 eum
788 2607 924 2704 mitiore
947 2631 1078 2707 consilio
1095 2633 1139 2706 ud
1161 2631 1357 2729 augendum

354 2753 481 2830 nivium
505 2773 679 2828 numerum
701 2749 786 2828 viui
804 2755 843 2830 dr
867 2757 958 2852 capti
974 2757 1116 2830 Romam
1139 2757 1358 2855 ttaduqoreu-

357 2901 423 2956 tur.
490 2878 609 2956 Coloni
649 2877 893 2977 longinquitate
946 2882 1036 2959 urbis
1072 2881 1361 2981 prohibebamur,

359 3007 537 3107 quominus
559 3005 601 3080 ud
617 3005 808 3104 suffragium
823 3007 1000 3098 ferendum
1016 2987 1163 3083 Romam
1181 3006 1361 3096 venireut;

359 3131 464 3230 igitur
479 3131 513 3206 in
535 3131 700 3207 beneficio
724 3133 929 3232 posuerunt,
953 3136 977 3210 sr
1002 3133 1067 3211 suit
1091 3137 1191 3208 rebus
1220 3131 1286 3206 sine
1312 3132 1364 3208 in·

215 3341 218 3350 ¹
360 3257 592 3357 terpellatioue
615 3280 736 3332 vacare
758 3259 885 3339 liceret.
936 3263 1021 3338 Hoc
1041 3261 1076 3337 in
1103 3281 1254 3350 motem,
1279 3283 1361 3336 mox
1414 3301 1415 3354 3

360 3388 396 3460 in
412 3386 468 3481 jur
484 3381 609 3473 ebiit,
641 3381 680 3458 dt
707 3383 795 3482 Juris
820 3387 1002 3494 Quiritium
1031 3405 1133 3486 caput
1157 3384 1363 3467 constituere

358 3508 475 3606 eoepit
492 3507 720 3606 praecipuum.
774 3511 926 3588 Ademto
935 3514 1011 3612 jure
1032 3511 1201 3609 suffragii,
1227 3513 1361 3608 reliquis
1414 3557 1415 3564 κ

359 3637 515 3711 omnibus
541 3633 724 3742 Quiritium
737 3637 886 3735 juribus,
910 3662 995 3736 quae
1017 3637 1156 3738 quidem
1177 3635 1219 3709 ad
1239 3633 1364 3709 flatum

357 3762 548 3862 publicum
580 3781 619 3837 ut
642 3784 734 3835 nunc
757 3761 940 3860 loquimur,
971 3764 1173 3862 pertinent,
1203 3757 1366 3836 excidere
1414 3809 1415 3894 q

357 3887 503 3964 Colonor
525 3886 661 3977 necesse
689 3905 771 3962 erut.
821 3889 981 3965 Ceterum
1004 3891 1151 3964 rationes
1180 3887 1361 3962 continen-
1414 3921 1415 3972 3

357 4011 473 4090 durum
495 4013 709 4086 Coloniarum
730 4035 847 4090 omnes
865 4037 934 4090 non
949 4011 1008 4112 ipli
1027 4013 1172 4112 primum
1194 4014 1361 4103 Romani,

300 4147 304 4154 ’
356 4133 565 4250 ‚excogitasse
589 4135 766 4215 videntur:
791 4140 847 4217 sed
863 4139 933 4238 ipse
950 4137 1077 4231 status,
1102 4141 1160 4240 qui
1177 4159 1252 4234 tum
1269 4157 1363 4256 erat,

1239 4265 1363 4343 ltaliae
1414 4285 1415 4372 q
