2844 5250
368 496 400 554 2·
442 455 557 543 SEX.
589 454 893 537 AURELIUS
927 457 1308 540 PROPERTIUS

372 642 561 724 institutum
583 633 622 710 de
644 633 768 709 liberali
796 635 1079 720 culturestitum
1102 657 1327 736 ornatumque
1348 641 1376 714 in

378 768 552 848 hominum
577 759 695 838 oculor
724 757 898 839 educeret.
954 761 1019 837 Cui
1034 759 1177 867 ¹quidem
1208 787 1254 838 eo
1285 767 1378 861 major

380 889 531 972 habenda
554 901 616 960 est‘
629 883 754 983 gratia,
778 877 871 982 'quod
894 909 963 962 non
991 905 1060 960 tarn
1084 887 1141 984 spe
1163 888 1268 965 laudis
1291 915 1379 989 quan

379 1022 509 1123 pietate
538 1037 617 1111 erga
647 1009 836 1108 magistrum
862 1009 950 1084 hanc
972 1010 1115 1108 suscepit
1133 1039 1289 1113 operam:
1308 1039 1380 1113 quae

250 1235 253 1242 Δ
384 1143 543 1246 profesio
562 1137 738 1236 ejusmodi,
752 1153 849 1230 erat,
882 1127 922 1212 rit
952 1137 1149 1234 patientiam
1180 1141 1382 1238 laboremque

245 1307 249 1315 ·
386 1271 576 1373 improbum
614 1265 649 1337 in
685 1262 877 1360 colligendis
915 1263 1222 1362 constituendisque
1267 1266 1383 1342 schedia

388 1391 637 1477 Bunnannianis
657 1389 838 1486 exigeret,
864 1387 1035 1486 voluptati
1058 1392 1200 1466 veroin
1220 1392 1383 1491 proferen-

386 1525 436 1601 dis
465 1515 608 1620 propriis
641 1513 767 1610 ingenii
803 1513 1037 1610 speciminibus
1074 1515 1185 1592 locurn
1218 1521 1385 1617 praeberet

386 1647 558 1743 exiguum.
621 1641 711 1712 'l'res
737 1635 827 1714 eninr
861 1661 956 1716 erant
980 1645 1078 1742 hujus
1107 1666 1229 1740 operae
1252 1657 1386 1742 partes:

389 1771 524 1872 primu,
565 1763 823 1842 conscribendae
853 1767 1097 1866 praefationis:
1129 1768 1295 1860 sectmda,
1327 1769 1387 1842 ilua

389 1896 540 1976 strandoe
562 1893 697 1977 ultimae
714 1889 880 1990 Elegiae,
912 1917 1011 1994 quarn
1035 1894 1194 1970 intatlarn
1218 1896 1386 1996 reliquerat

391 2031 626 2104 Romanus:
662 2019 789 2110 tertia,
822 2040 929 2115 eaque
950 2021 1051 2118 longe
1074 2021 1219 2094 murima
1243 2020 1389 2098 molestie

391 2143 567 2254 srmaque,
605 2127 853 2242 conquirendae
883 2143 1152 2244 digerendaeque
1189 2149 1297 2248 partis
1327 2143 1392 2220 reli.

394 2302 481 2386 quae
513 2271 744 2358 commentarii
774 2256 1036 2364 Burmanniani,
1074 2295 1160 2369 quae
1197 2271 1295 2374 typis
1324 2295 1393 2346 non

394 2409 479 2484 durn
518 2423 592 2477 erat
640 2397 816 2496 descripta.
890 2399 1076 2474 Enimvero
1122 2399 1306 2476 Santenius
1340 2415 1395 2470 trer

396 2533 467 2610 illas
490 2549 604 2629 partes
630 2523 679 2602 ita
705 2522 885 2618 explevit,
927 2541 966 2598 ut
995 2547 1064 2600 non
1094 2543 1229 2602 tantum
1262 2525 1394 2601 ultiman

399 2652 581 2734 emmanu
603 2629 738 2724 danum
759 2647 935 2724 uenerari
958 2675 1003 2724 ne
1026 2673 1220 2751 pateretur,
1235 2651 1291 2726 sea
1305 2648 1394 2723 enan

397 2785 455 2859 sua
479 2779 549 2878 ipse
575 2773 727 2848 dotrina
752 2773 984 2874 elegantiaque
1010 2777 1099 2853 haud
1124 2755 1295 2879 vulgarein
1319 2800 1397 2852 corn·

104 2955 109 2968 ι
243 3004 245 3017 .
397 2905 650 2987 mendationctn
673 2899 753 2976 huic
777 2901 873 2999 operi
895 2902 1106 3002 adjungeret.

447 3031 596 3111 Primum
627 3027 732 3126 igitur
764 3007 974 3124 praefatione
1016 3029 1119 3106 docte
1136 3011 1139 3025 ’
1159 3055 1201 3106 ac
1228 3027 1396 3130 prudenter

401 3162 523 3261 scripta
547 3153 731 3254 exponitur
747 3149 790 3226 dc
813 3153 980 3246 subsidiis,
1003 3145 1091 3250 quae
1113 3153 1156 3230 ad
1180 3157 1269 3234 hanc
1291 3153 1395 3232 editio

239 3333 243 3340 ·
402 3311 482 3364 nem
507 3281 656 3358 adlu'bita
686 3279 789 3354 sunt:
827 3301 970 3374 quorum
1008 3279 1157 3354 recensio
1195 3306 1267 3360 non
1297 3301 1396 3382 pamm

403 3408 610 3506 difficultatis
634 3403 767 3480 Editori
782 3403 964 3504 praebuit,
995 3403 1086 3500 quod
1108 3427 1149 3480 ea
1169 3405 1240 3504 ipse
1254 3412 1398 3485 Bunnau·

403 3561 467 3612 nus
492 3557 561 3610 non
586 3529 746 3632 peculiari
765 3529 913 3634 quodam
939 3530 1053 3610 indice
1071 3529 1307 3632 descripserat,
1333 3546 1398 3604 cun

399 3665 520 3738 'tamen
551 3677 588 3733 et
616 3654 720 3732 multa
755 3673 793 3730 et
819 3658 908 3732 varia
939 3657 1062 3734 essent,
1125 3661 1248 3755 Nam,
1282 3669 1400 3760 praeter

403 3789 598 3880 collationes
625 3779 784 3862 codicum
806 3783 977 3884 regiorum
1002 3785 1256 3878 Parisrenliunr,
1279 3786 1401 3862 colber-

296 3925 299 3942 '
404 3912 586 4006 tinorum,
612 3906 845 4002 Borriclriani,
869 3930 913 4022 ex
936 3914 1057 4012 quibus
1069 3933 1149 4013 port
1170 3909 1402 3990 Broukhufiurn

398 4059 490 4116 nova
505 4035 591 4112 haud
606 4056 713 4134 pauca
728 4033 888 4144 prptulit:
912 4059 1047 4136 praeter
1073 4039 1133 4116 hae
1151 4037 1276 4140 igitur,
1299 4031 1403 4112 lessio·

1349 4171 1401 4228 ner
