2858 5280
176 473 564 560 uurnrtouns
597 467 942 562 nauvr'oa'us,
1002 467 1074 579 125'

78 659 140 752 rie,
165 677 232 732 non
254 653 550 752 intemperanti&
574 657 673 730 cruda
696 656 749 728 illa
766 677 867 754 atque
884 657 1070 756 indigesta,

76 785 133 862 sed
158 803 257 880 quarn
283 780 545 878 compulisset,
570 781 739 872 finxisset,
757 802 798 854 ac
818 803 952 880 regeret
974 784 1068 880 cogi·

77 911 206 985 ratione
231 905 383 998 a'dstdua,
406 905 680 1004 plurimorerum
706 909 787 1000 usn,
812 907 956 982 docendi
980 907 1074 982 deni·

74 1059 141 1135 que
159 1057 200 1110 ac
223 1032 386 1107 scribendi
407 1049 569 1132 perpetua
591 1032 856 1123 exercitatione3
880 1033 1075 1108 memoriam
1105 1109 1108 1126 ,

78 1135 212 1250 autem,
236 1135 331 1255 cujus
354 1157 487 1254 vigeret
513 1155 553 1231 dc
578 1157 761 1231 tenacitate
788 1158 828 1232 dc
846 1158 1072 1252 facilitateac

78 1284 250 1362 celeritate
266 1281 419 1380 egregia,
445 1281 531 1355 adeo
547 1283 647 1357 naam
672 1280 729 1358 ru
746 1283 785 1359 a
808 1284 1006 1373 officiosam,
1031 1257 1103 1357 ae'

77 1420 174 1484 velut
209 1407 302 1482 disto
327 1407 518 1482 audientem
538 1433 578 1486 ac
603 1405 769 1508 promtam
792 1408 1006 1501 reddidisset,
1032 1420 1073 1481 ut

77 1539 120 1611 ab
150 1557 193 1608 ea
217 1557 286 1608 non
309 1551 438 1605 temere
461 1535 729 1628 destitueretur,
771 1537 923 1634 essetque
955 1533 1007 1608 illa
1040 1532 1075 1606 ei

55 1660 293 1758 ¹plurimorum
314 1657 412 1733 instm
435 1659 684 1753 thesaurorum,
708 1657 819 1760 quales
845 1661 897 1736 alii
923 1684 986 1759 per
1010 1659 1074 1734 oril

39 1791 42 1796 '
79 1785 314 1859 abundantiam
341 1783 521 1882 colligere,
560 1783 748 1882 seriniisque
764 1786 871 1878 suis,
912 1785 1002 1860 unde
1026 1779 1075 1858 sa·

78 1916 194 2008 piant,
228 1909 369 1984 inserere
392 1907 656 1989 consueverunt:
683 1907 837 2000 ninrirum
861 1911 938 2008 quia
965 1913 1086 1987 omnia.

79 2039 214 2136 legebat
237 2059 316 2109 cum
347 2035 462 2124 sensu,
494 2035 688 2124 nutritione,
707 2035 746 2110 dr
772 2035 954 2109 usurarii
979 2036 1082 2110 desti·¹
1208 2127 1211 2135 1

54 2211 57 2218 ·
81 2163 221 2238 natione
235 2183 277 2233 ac
301 2157 399 2232 velut
422 2157 735 2254 repraesentatione·
786 2159 914 2232 Animo
934 2158 1080 2255 denique

80 2289 160 2384 ejus
193 2284 273 2359 nihil
303 2281 521 2378 generosius,
551 2277 631 2352 nihil
662 2283 829 2375 sanslius,
869 2283 1082 2358 innocentius

83 2409 170 2486 nihil
199 2424 283 2480 eratr
340 2407 528 2481 Contemtis
561 2407 791 2506 voluptatibus
833 2407 948 2505 sapere
985 2405 1084 2480 ausus

13 2571 14 2582 2
82 2530 387 2620 famulabor-are
416 2527 606 2630 didicerar',
643 2534 821 2609 laborando
842 2531 999 2632 prodesse
1020 2535 1084 2630 pul

80 2657 174 2731 blice
195 2641 417 2750 privatimque
440 2657 684 2752 concupierat,
716 2677 781 2736 n'ec
802 2657 945 2734 veroid
969 2657 1011 2730 ad
1030 2655 1082 2730 sai

79 2803 173 2874 mam
208 2777 404 2875 laudemque
434 2779 635 2875 referebat,
671 2783 727 2857 sed
758 2783 800 2860 ad
843 2781 1081 2857 conscientiam

78 2902 187 2992 recti,
214 2925 313 3000 quem
337 2925 454 2976 verum
471 2904 541 2976 Dei
562 2908 688 2978 cultum
705 2923 850 3000 putaret.
901 2906 1019 2978 Sensus
1039 2904 1083 2976 de

83 3030 268 3128 religione,
285 3051 368 3125 quos
386 3001 442 3098 'vel
463 3025 595 3098 innatos
622 3031 676 3102 vel
694 3005 890 3102 informatos
909 3026 1084 3135 educatio·¹

81 3157 135 3230 nis
165 3150 331 3226 beneficio
363 3153 597 3250 concepisset,
629 3151 758 3225 latione
788 3149 895 3242 duee,
929 3144 1085 3226 coelestis

82 3277 241 3358 veritatis
267 3277 479 3373 adjumentO,
512 3276 876 3374 indudlione'denique
903 3275 942 3352 δι
968 3275 1084 3350 εάῑυειῐ

83 3405 227 3494 tudine,-
251 3403 485 3496 inunxerat,
521 3403 732 3492 emendarat,
766 3405 1015 3488 corroboraret,
1042 3419 1083 3477 ut

83 3527 272 3628 pietatem
291 3530 426 3618 Deum,
451 3551 561 3604 rerum
583 3529 770 3614 divinarum
793 3527 924 3618 studio,
948 3528 1086 3626 virtutis

87 3656 201 3729 omnis
220 3677 333 3727 amore
353 3653 392 3728 dr
416 3632 498 3726 card
515 3653 604 3728 fideli
625 3677 665 3728 ac
686 3654 822 3754 simplici
835 3711 846 3745 ,
861 3653 972 3728 omnia
986 3656 1087 3730 meti·

87 3800 198 3854 retur.
255 3779 351 3854 Huic
380 3779 490 3852 animo
517 3798 585 3852 ram
617 3781 747 3854 excelso
780 3779 940 3857 idoneum
968 3792 1087 3860 naturrl

91 3903 299 3978 domicilium
323 3905 488 3994 dederat,
513 3924 634 4000 corpus
650 3898 717 3978 n'on
741 3903 829 3979 erile
849 3908 927 3984 illud
949 3911 988 3986 dr
1008 3909 1091 3985 viri*-

91 4029 160 4104 bus
183 4029 308 4124 debile,
333 4029 387 4104 sed
410 4031 445 4104 in
454 4033 546 4130 justa
566 4031 688 4106 statura
705 4029 892 4131 eximiaque
906 4032 1093 4129 dignitate,

799 4153 802 4165 '
939 4157 1098 4256 firmum,
