2844 5250
329 537 400 616 108

290 739 293 750 ·
325 703 426 795 n'or3-
446 717 618 800 praeterea
638 698 810 798 proximus
833 697 943 776 abfuit
969 701 1011 776 ab
1045 701 1095 781 his
1116 709 1340 805 tenporibuu

325 827 397 906 sed
411 827 478 912 hat
501 827 634 922 quidem
662 825 698 903 in
720 847 817 924 parte
844 847 925 902 cum
948 827 1018 904 aliis
1044 829 1233 930 conspirat3
1266 855 1339 909 non

325 955 413 1030 nulla
438 972 550 1034 tamen
575 951 736 1046 tradidit,
758 973 846 1052 quae
872 953 1008 1050 absque
1023 977 1066 1030 eo
1090 957 1220 1056 prorsus
1241 955 1342 1058 igno·

323 1103 481 1158 raremus.
537 1079 726 1177 Epicureae
751 1077 888 1151 Leontii
911 1077 1041 1171 filiam,
1071 1083 1233 1170 Danaen,
1265 1077 1341 1180 quir
1417 1089 1418 1092 ’

324 1183 462 1294 tandem
494 1205 578 1282 aliut
602 1201 771 1282 veterum
812 1203 1124 1284 commemoravit?
1158 1209 1231 1282 Ter
1269 1208 1343 1303 ejus

323 1331 480 1416 meminit
504 1325 711 1426 Menagius,
739 1325 778 1404 ἃ
798 1327 866 1404 hoc
880 1329 949 1403 solo
971 1350 1084 1404 tamen
1106 1329 1184 1405 loco
1198 1331 1342 1422 nititur,

324 1461 361 1548 ip
390 1459 484 1536 Hist.
513 1445 690 1530 mulierum
713 1455 832 1532 Philos.
868 1455 888 1556 s
914 1479 971 1558 71.
995 1455 1035 1531 dt
1059 1457 1094 1530 in
1116 1451 1243 1530 L‘adrt'ii
1261 1457 1340 1558 X'ss

322 1607 356 1686 4.
379 1580 514 1680 &139
540 1579 599 1654 ubi
621 1579 705 1655 levis
734 1566 844 1658 notari
868 1581 997 1680 poterit
1018 1578 1249 1678 elegantissimi
1274 1581 1342 1658 viri
1418 1568 1419 1652 i

321 1709 439 1812 lapsus.
488 1703 706 1802 Palmerium,
732 1705 766 1780 in
793 1707 944 1786 Exercit.
971 1733 1004 1810 p.
1034 1729 1112 1799 155.
1136 1707 1193 1780 ubi
1215 1729 1341 1805 perpe·
1418 1687 1419 1694 ἵ

322 1815 395 1920 tam
410 1837 551 1942 Danair'n
577 1848 680 1905 vocat
704 1855 845 1909 uxorem
862 1833 1064 1932 Sophronii,
1087 1831 1146 1928 qui
1167 1830 1341 1930 Ephesum

320 1949 364 2046 ad
386 1959 613 2040 desedionem
640 1959 844 2056 impulerat,
867 1949 1042 2059 Phylarchi
1058 1959 1169 2034 locum
1187 1957 1278 2032 haud
1294 1953 1343 2034 sa·

320 2113 465 2192 nequam
489 2083 717 2176 intellexisse,
749 2082 886 2163 minime
914 2087 1043 2178 miror,
1039 2133 1042 2140 -
1067 2085 1238 2183 siquidem
1264 2085 1342 2184 ipse

322 2210 575 2302 casaubonus
564 2233 599 2286 tn
624 2209 806 2288 Animadv
832 2239 866 2312 p.
893 2223 974 2306 879.
999 2211 1141 2292 humani
1158 2211 1244 2308 quid
1269 2211 1345 2286 sue·

319 2339 366 2418 rit
391 2337 530 2444 passus:
556 2361 620 2414 nec
646 2339 736 2414 enim
762 2335 945 2452 Sop'inonis
966 2355 1052 2412 uxor
1065 2333 1140 2428 [suit
1158 2335 1345 2427 Laodice,

254 2467 257 2475 ’
318 2489 432 2576 neque
472 2461 643 2572 laodicae
676 2465 820 2542 succuba
852 2467 1009 2554 Danae,
1041 2459 1132 2560 quod
1167 2463 1345 2540 statuebat

243 2659 245 2668 Α
320 2591 459 2670 Casaub.
515 2589 633 2689 Nunc
632 2583 790 2687 respice
837 2583 918 2660 mihi
957 2586 1078 2691 quaeso
1120 2589 1343 2686 Phylarchea.

318 2705 495 2814 Phylarchi
522 2679 673 2785 Laodice
698 2709 816 2794 eadem
852 2713 905 2788 itta
931 2732 1009 2805 est,
1043 2737 1129 2818 quae
1150 2715 1340 2790 secundum

288 2829 571 2974 ·]Appianum1n
601 2824 842 2945 Syrss'p.130.
868 2843 917 2918 D
941 2833 1097 2916 maritum
1123 2841 1340 2917 Antiochum

317 2933 377 3028 'w
397 2937 459 3024 92⁰⁹
476 2983 614 3038 veneno
613 2957 823 3046 sustulerat.
881 2971 1065 3069 Sophron,
1083 2961 1215 3072 Epheso
1237 2987 1338 3061 prae·

318 3081 509 3178 fectus,
496 3077 602 3176 uitri
630 3124 693 3209 rut
710 3089 864 3196 Epion,
881 3097 961 3174 olim
994 3097 1144 3172 amasiam
1171 3097 1341 3176 habuerat

317 3219 488 3322 Dffltae'n,
520 3227 577 3312 sed
600 3199 720 3354 haec,
762 3223 875 3340 2de
878 3271 938 3325 otor
973 3267 1136 3337 γιγονυιοι
1172 3266 1241 3338 προ
1231 3232 1344 3344 ’τερον

288 3473 290 3481 y
314 3360 473 3476 ἐρωμένη,
505 3387 579 3450 tum
602 3371 763 3466 temporis
786 3364 1034 3516 erataconfiliis
1052 3373 1090 3450 dt
1105 3375 1342 3472 acceptissima

257 3539 260 3548 ,
315 3488 506 3598 Laodicae,
528 3491 560 3566 la
578 3497 607 3567 F
607 3513 758 3589 avortte
783 3516 845 3566 rra
832 3479 949 3597 'ptdgor
968 3499 1054 3600 (non
1082 3518 1177 3574 certe
1209 3499 1340 3581 succu-

317 3633 395 3714 bam
418 3629 534 3731 notat)
569 3613 631 3704 rit
656 3613 855 3738 horditus,
886 3613 1093 3747 rtqtuophu
1127 3617 1193 3708 ὑπ
1219 3629 1339 3720 αὐτῆς

313 3747 373 3842 ab
401 3741 542 3840 adura·
611 3757 687 3858 Jam
719 3756 809 3834 viam
835 3759 905 3834 esse
927 3735 1057 3860 planam
1077 3757 1266 3860 arbitror,
1295 3769 1341 3847 δι’

316 3901 390 3982 rem
413 3878 479 3956 hoc
505 3881 631 3988 modo.
643 3882 866 3982 digerendam.
928 3888 1044 3996 Quum
1072 3881 1177 3966 scelus
1201 3917 1340 4032 perpe·

296 4003 457 4108 nasset,
482 4000 547 4076 sola
563 4003 685 4098 Danae·
703 4009 858 4100 conscia,
883 4009 1053 4106 Laodice,
1076 4037 1116 4091 ut
1132 4019 1228 4116 regui
1257 4025 1338 4114 suc

316 4127 526 4239 pesstpnem
515 4153 550 4208 tn
567 4127 672 4210 fllium
696 4128 797 4232 suum
808 4135 985 4214 Seleucum
1002 4139 1189 4238 derivaret,
1213 4150 1337 4248 (legi-

1288 4271 1336 4356 ti.
