2850 5278
171 573 176 578 .
242 517 623 608 RELATtONES
654 536 1004 660 BREVIORES.
1048 579 1117 652 117

122 709 218 766 antea
249 693 396 790 prodidit
435 699 567 776 Aueiae
607 705 694 782 haud
731 715 901 812 vulgarem
934 722 1116 804 donuinam

123 817 188 890 aliis
211 818 359 916 scriptis,
385 823 417 896 in
441 827 559 921 quibus
575 833 674 910 etiam
699 855 750 910 est
773 845 909 940 Censura
926 850 1116 948 Scriptorum

119 947 153 1017 de
185 949 256 1020 uita
290 963 321 1017 et
355 951 445 1018 rebus
476 961 577 1046 gestis
609 964 784 1036 Alexandri
806 969 958 1063 Magni3
989 974 1032 1048 de
1055 1003 1119 1077 qua

115 1067 261 1142 diximus
288 1090 384 1166 parte
420 1075 516 1174 hujus
549 1083 775 1162 Bibliothecae
798 1093 952 1174 secunda.
1195 1202 1199 1211 A

167 1195 234 1270 IV.
262 1201 519 1277 Exercitationes
542 1211 575 1280 in
599 1213 739 1307 Appiani
762 1219 974 1300 Alexandrini
998 1231 1120 1308 Roma·
1190 1227 1192 1245 '

83 1304 88 1313 ¹
118 1345 176 1394 nar
200 1321 389 1420 ffifioriar:
417 1330 558 1424 prouida
590 1334 648 1427 Jo.
680 1339 961 1444 Schweighaeuser.
996 1355 1052 1428 Gr.
1087 1375 1119 1432 et
1189 1387 1196 1394 ·
1280 1359 1285 1368 '

117 1451 244 1522 Orieot.
269 1447 351 1520 Lite.
376 1447 468 1542 Ptof.
495 1459 587 1534 Pudi.
613 1465 691 1538 Ord.
752 1471 845 1546 Uniu.
871 1475 901 1547 ir.
925 1493 949 1548 t.
975 1475 1117 1570 Retinet.

119 1595 154 1662 4.
181 1577 390 1665 Argentorati.
419 1587 521 1672 1781.
560 1583 622 1657 Est
638 1585 721 1660 haec
735 1590 841 1686 prima
854 1620 928 1692 pars
953 1601 1115 1700 scriptio·

67 1781 69 1789 ¹
113 1699 190 1789 nis,
208 1719 292 1794 qnae
315 1699 357 1770 ad
385 1723 616 1800 argumentum
638 1712 871 1810 disputationis
894 1727 1118 1804 Academicae

111 1825 146 1900 in
165 1826 275 1925 plures
296 1845 406 1922 partes
428 1828 771 1934 distributalvidetur:
798 1863 834 1917 et
851 1847 1018 1942 subsidiis,
1037 1853 1115 1930 edm

112 1946 301 2040 domnae,
330 1971 402 2026 tum
423 1953 578 2032 librorum
599 1979 753 2038 veterum
775 1967 863 2046 haud
879 1997 998 2050 vanam
1018 1979 1115 2054 nobie

111 2075 207 2170 spem
238 2075 317 2151 facit
344 2080 499 2177 egregiae
527 2081 685 2154 editionis
711 2087 933 2172 Historiarum
957 2101 1116 2198 Appiani.
1257 2207 1259 2210 Ι

107 2197 227 2293 Hujus
261 2204 430 2277 confilium
454 2200 531 2278 ante
560 2207 935 2314 Schweighaeusemm,
961 2225 1009 2300 V.
1046 2231 1114 2321 ct,

101 2345 247 2422 ceperat
271 2329 491 2423 Musgravius
517 2347 552 2400 et
582 2355 657 2430 cum
686 2338 857 2416 Brunckio
890 2354 1114 2429 communica·

99 2471 236 2539 verat,
272 2469 390 2545 petens
410 2455 452 2525 ab
476 2475 543 2546 eo,
568 2474 635 2548 ut,
665 2457 782 2534 fifieri
803 2469 943 2565 posset,
975 2501 1110 2575 operam

98 2575 350 2670 interponeret¹
380 2575 496 2667 suam,
527 2604 592 2677 qua
620 2585 868 2667 nancisceretur
902 2602 1112 2684 collationem
1214 2605 1220 2612 ’

99 2696 232 2785 codicis
268 2697 483 2794 Augustani,
517 2725 562 2778 ex
600 2729 668 2802 quo
701 2711 853 2794 Davides
886 2726 1109 2808 Hoeschelius

101 2823 182 2895 oiim
203 2806 354 2916 'Appiani
377 2825 557 2903 Historiam
583 2831 746 2930 illyricam
769 2841 930 2926 ediderat.
979 2855 1109 2931 Brunc.

104 2937 182 3018 kiuti
206 2967 282 3017 ctum
305 2948 621 3047 Schweighaeusero
644 2962 735 3054 egit:
761 2959 819 3056 qui
845 2969 1025 3064 continuo,
1044 3003 1108 3073 pro

109 3068 167 3142 sua
192 3067 418 3163 humanitate,
460 3077 665 3174 gratificatus
690 3085 892 3181 Musgravio
908 3093 935 3182 ,“
952 3098 1106 3180 codicem

105 3217 172 3291 per
196 3195 316 3268 amicos
336 3189 548 3295 Augustanos
571 3205 834 3301 Argentoratum
857 3218 1044 3317 arcessivit,
1062 3229 1104 3302 ad

53 3389 60 3406 ,
105 3340 250 3413 eumque
276 3345 353 3396 cum
381 3322 479 3397 editis
504 3325 674 3421 exemplis.
695 3335 953 3429 comparandum
972 3367 1106 3445 aggres-¹

106 3441 159 3513 sus
188 3459 259 3516 ert:
293 3469 386 3552 mox·
423 3447 545 3536 literis·
562 3453 603 3528 ad
638 3455 875 3553 M'usgravium
910 3465 1038 3567 scriptis
1069 3475 1102 3550 ei

102 3568 326 3667 fignificanit,
367 3570 402 3648 in
429 3575 547 3651 codice
579 3577 636 3653 ruo
668 3599 799 3660 tantum
817 3585 892 3664 ‘erse
916 3597 1102 3676 medicinae

100 3696 143 3770 ad
165 3696 343 3773 sanandum
364 3699 582 3796 Appianum,
617 3725 657 3780 ut
683 3707 741 3783 nisi
771 3705 892 3792 edendi
923 3719 1098 3816 provincia

95 3825 163 3920 jam
193 3843 358 3921 occupata
385 3825 497 3920 esset,
530 3827 598 3926 ipse
629 3824 701 3904 earn
736 3834 853 3912 iubens
885 3840 1099 3944 suscepturus
1180 3854 1183 3864 ’

7 3927 8 3930 ¹
102 3947 227 4030 fuisset,
294 3948 358 4026 eui
387 3951 605 4052 Musgraviue
637 3957 884 4070 perhumaniter
906 3969 1098 4068 respondit,

566 4083 649 4182 Ha
1026 4117 1099 4191 aa.
