2850 5278
359 511 405 584 82
430 498 478 576 D.
505 482 838 568 TIEDEMANN.
861 483 931 562 DE
954 483 1061 564 VlT.
1088 485 1157 562 ET
1182 487 1320 568 PLAC.

355 664 690 764 variistemporibus
713 661 837 738 vixisse
863 661 988 740 dicitur
1013 666 1055 740 ab
1080 664 1237 742 Audore
1271 667 1374 767 hujus

358 795 542 894 excerpti3
574 815 690 890 neque¹
717 789 774 864 hic
802 809 857 867 eat
883 812 976 866 error
998 789 1190 884 Auitoris,
1225 791 1282 868 sed
1307 795 1372 870 dir·

359 920 470 998 sensus
496 919 767 1006 Historicorum,
792 917 850 1014 qui
872 933 1121 1006 memorantur,
1147 919 1319 996 Herodoti
1338 941 1373 998 et

321 1023 326 1032 Ι
360 1045 567 1145 Phlegontis.
619 1049 779 1120 Ceterum
805 1041 974 1140 Dionystus
996 1041 1055 1138 qui
1071 1040 1114 1114 de
1138 1045 1278 1140 Orpheo
1291 1072 1375 1146 pro-

304 1155 307 1160 ⁵
365 1176 472 1267 didit,
497 1171 636 1250 videtur
656 1164 758 1240 fuisse
774 1166 830 1239 vel
846 1159 1000 1266 scriptor
1017 1167 1373 1266 CyclicaeHistoriae,

364 1303 409 1378 de
433 1327 501 1402 quo
521 1291 656 1372 notavit
679 1295 716 1368 P.
738 1290 981 1390 Wesselingiua
1007 1294 1050 1368 ad
1067 1293 1213 1368 Diodor.
1248 1297 1317 1372 Sic.
1341 1302 1373 1389 1,

365 1451 424 1522 52.
457 1444 613 1524 pato:
645 1420 702 1496 vel
726 1419 895 1515 Dionystur
927 1420 1106 1518 Phaselites
1138 1421 1172 1496 in
1201 1447 1309 1527 opere
1332 1427 1375 1500 de

363 1553 500 1644 Poetis,
515 1573 617 1650 quem
638 1563 802 1623 memorat
816 1545 949 1646 Jonsrus
969 1543 1015 1618 de
1036 1545 1198 1644 Scriptor.
1214 1551 1266 1625 H.
1291 1548 1377 1630 Phil.

316 1657 318 1673 ’
363 1681 444 1773 IV,
473 1705 528 1774 19.

414 1807 575 1904 Sequitur
614 1821 713 1880 acuta
760 1795 990 1894 observatio,
1038 1797 1083 1872 de
1118 1799 1232 1876 caussa
1270 1825 1379 1901 quare

362 1935 451 2036 apud
478 1935 672 2010 Homerum
703 1945 739 2001 et
767 1926 956 2040 Hesiodum
980 1925 1067 2002 nulla
1097 1919 1219 2008 'exstet'
1242 1925 1376 2024 Orphei

364 2063 526 2154 mentio,
560 2083 639 2134 cum
672 2075 785 2131 tamen
815 2051 870 2128 alii
903 2056 976 2152 ejus
1009 2051 1084 2128 fere
1122 2055 1278 2154 aequales
1313 2079 1375 2132 no·

363 2187 548 2266 minentur.
620 2182 794 2260 Nimirum
828 2181 959 2279 Orphei
995 2203 1122 2272 nomen
1162 2181 1300 2260 demum
1334 2185 1377 2260 ab

365 2315 493 2396 Atticis
517 2309 630 2388 Poetis
660 2334 721 2412 per
754 2309 909 2412 mysteria
936 2309 1141 2408 cognitum,
1171 2311 1216 2385 ad
1237 2311 1376 2388 aliorum

364 2443 539 2522 hominum
568 2435 725 2514 notitiam
747 2441 952 2515 celebratum
972 2435 1121 2516 videtur.
1153 2441 1279 2530 Porro,
1297 2461 1375 2514 uun

363 2563 514 2648 nonnulli
552 2565 735 2637 abutantur
768 2563 991 2638 Androtionia
1022 2563 1253 2658 authoritate,
1294 2565 1376 2664 qui,

365 2711 454 2766 teste
483 2687 627 2762 Aeliano
658 2689 708 2766 V.
730 2691 779 2766 H.
807 2689 924 2780 VIII,
950 2695 975 2762 6
981 2743 992 2779 ,
1024 2687 1240 2787 prodiderat,
1268 2690 1375 2768 Thra·

365 2839 416 2890 ces
446 2813 539 2887 rudes
577 2831 608 2888 tt
641 2833 845 2890 contemtores
870 2811 983 2912 fuisse
1009 2819 1195 2906 literarum,
1220 2839 1261 2890 oc
1283 2841 1380 2917 prop·
1420 2879 1421 2884 ,

363 2959 451 3018 terea
494 2965 611 3015 vanam
653 2957 686 3016 et
712 2939 826 3036 fidam
862 2943 962 3018 videri
978 2938 1112 3034 somam
1145 2941 1182 3014 de
1206 2940 1380 3042 sapientia

364 3067 516 3166 Orphei:
561 3065 647 3144 haec
672 3063 777 3168 igitur
798 3064 968 3142 dubitatio
990 3065 1119 3142 tollitur
1142 3067 1379 3148 observatione

364 3211 504 3270 naturae
534 3190 728 3286 humanae3
772 3193 897 3294 quippe
926 3193 1016 3292 apud
1048 3195 1199 3272 Graecos
1230 3217 1269 3274 et
1300 3199 1378 3273 alias
1419 3211 1420 3216 ’

364 3307 485 3421 gentes
507 3323 600 3420 prius
635 3325 774 3398 suerum
797 3323 953 3412 Poetae,
983 3345 1082 3420 quam
1111 3323 1281 3398 literarum
1314 3341 1378 3398 aut

362 3445 484 3522 dudius
508 3433 741 3522 inuenirentur
764 3467 824 3526 aut
847 3445 1056 3544 monimenta
1081 3449 1319 3550 proderentur.
1418 3485 1419 3535 3

415 3570 487 3678 Qui
512 3571 688 3672 Orpheum
712 3595 781 3652 non
802 3573 974 3650 Thracem
1004 3574 1062 3650 sed
1083 3575 1296 3676 Aegyptium
1323 3575 1379 3651 fa.

364 3693 479 3788 ciunt,
504 3697 704 3775 temeritatis
718 3695 942 3796 ¹arguuntur3
975 3701 1101 3801 quippe
1124 3703 1183 3804 qui
1204 3704 1262 3780 uel
1294 3701 1381 3778 sono

362 3817 459 3912 vocis
499 3813 540 3920 et
574 3849 661 3903 vana
700 3825 907 3926 etymologia
947 3825 1091 3902 nominis
1133 3826 1379 3929 decipiuntur,

360 3951 416 4026 vel
441 3955 563 4028 nullam
586 3955 753 4028 rationem
776 3949 857 4024 fidei
880 3949 1061 4028 historicae
1090 3954 1229 4034 habent.
1285 3958 1379 4032 Eum

359 4093 471 4156 tamen
487 4080 527 4155 in·
540 4083 707 4176 Aegypto
722 4073 845 4164 fuisse,
872 4074 1049 4158 manifesta
1067 4081 1218 4180 produnt
1235 4080 1381 4182 vestigia

1279 4209 1369 4308 My,
