2868 5282
241 471 251 498 ’
370 522 417 591 94
498 497 1270 614 nuunrtomusnnutrtonuu

413 670 460 742 tt.
487 669 701 768 Christopirorr'
718 673 801 748 Suri
815 679 1039 754 Onomortiton
1055 683 1276 780 literarium
1294 691 1373 788 fior,
1424 705 1425 796 ξ

367 798 575 874 nomenclator
599 796 922 900 Histoire-Crincut
942 807 1285 908 praestantisstmorum
1310 846 1370 898 on·

365 927 417 998 nir
444 926 593 1013 anatis,
623 925 749 1022 populi,
771 929 946 1037 artiumque
963 925 1128 1024 formulae
1146 939 1372 1036 Scriptorum:

365 1052 441 1124 item
462 1050 734 1128 Monumcurorurn
752 1053 890 1124 marimo
907 1053 1094 1150 illustrium,
1121 1063 1163 1134 ab
1190 1066 1277 1140 Orbe
1296 1094 1367 1144 con·

364 1175 430 1250 diro
445 1197 540 1272 usquc
560 1175 604 1248 cd
617 1161 766 1292 ‘Saecuiip
777 1177 859 1270 quod·
871 1183 1030 1288 viriumr,
1048 1205 1188 1282 ternpore
1202 1189 1364 1294 digestet,

365 1297 812 1398 &omfimilibus,quontum
821 1301 898 1397 fieri
913 1310 1197 1404 potuit,onnorunt
1213 1325 1297 1392 notis
1309 1345 1362 1424 oc·

364 1426 574 1500 commodatus
597 1435 631 1508 8.
648 1447 750 1524 pugg.
776 1440 859 1517 059.
885 1429 968 1504 Pars
984 1433 1129 1532 Quarto.
1166 1438 1363 1538 Trajectr'od
1424 1513 1425 1526 i

228 1537 232 1548 ’
364 1547 523 1624 Rhenum.
547 1558 647 1648 1782.
673 1537 782 1625 Valde
800 1551 895 1648 nobis
907 1555 1094 1652 jucundum
1111 1563 1236 1640 accidit
1260 1570 1360 1644 uuida.

363 1671 435 1748 fimi
451 1653 562 1768 operis
585 1675 742 1748 volumen
770 1698 947 1770 quartum,
973 1683 1064 1776 quod
1086 1687 1128 1758 ab
1144 1692 1186 1764 A.
1206 1694 1237 1764 C
1263 1701 1364 1784 1586

363 1798 405 1872 ad
434 1804 526 1888 1652
556 1794 731 1890 pertinet,
764 1799 803 1876 dt
822 1801 962 1896 iisdem,
994 1809 1114 1902 quibus
1133 1813 1237 1909 pn'ora
1260 1821 1361 1894 volu·

363 1921 473 2009 mina,
500 1917 754 1994 commendatur
781 1923 936 2022 dotibus,
961 1933 1147 2031 diligentia,
1173 1941 1361 2036 brevitate,

362 2043 523 2134 delectu,
556 2041 589 2116 in
622 2047 777 2122 notandis¹
811 2051 1020 2150 Scriptorum
1048 2069 1197 2156 aetate‚‘
1212 2088 1363 2164 generep

362 2171 480 2260 laude,
505 2167 543 2246 dc
559 2170 781 2248 memorandis
801 2178 942 2252 notitiae
961 2183 1126 2268 fontibus.
1174 2191 1280 2290 Igitur
1298 2218 1358 2268 ve·

355 2283 540 2372 'hementer
572 2311 758 2390 optamus,
800 2321 839 2376 ot
878 2305 1030 2403 egregius
1066 2313 1202 2390 Auen
1236 2319 1359 2418 reliqua

362 2419 522 2518 deinceps
561 2422 730 2504 volumino
776 2427 892 2504 eadem
943 2433 1091 2540 ratione·
1113 2439 1152 2514 dc
1177 2425 1361 2524 valacritate

358 2546 524 2620 mfflmn
675 2545 679 2554 '

406 2670 472 2744 ΙΙΙ.
497 2671 556 2761 Jo.
582 2673 641 2744 Ar.
668 2669 781 2752 Nodos}
799 2660 987 2758 Crit'iturum
1012 2687 1274 2784 Observationum
1297 2701 1361 2770 Li·

294 2853 300 2866 .
361 2791 471 2866 bellur.
498 2803 530 2870 8.
555 2816 652 2891 pugg.
678 2809 734 2876 tm.
754 2803 887 2902 Corrupit.
916 2819 1017 2900 1781.
1066 2813 1277 2908 Opuseulum
1301 2842 1358 2896 est

358 2914 489 2990 alumni
511 2914 702 3016 disciplinae
737 2927 1019 3028 Schraderianae,
1053 2937 1091 3014 ou
1106 2981 1108 2986 ·
1122 2940 1223 3016 habet
1249 2947 1362 3044 speci·

358 3040 446 3116 mina
478 3042 622 3120 Criticae
648 3046 815 3127 facultatis
839 3056 874 3129 in
904 3062 1105 3158 corrigendis
1128 3068 1359 3166 Latinorum,¹

307 3175 312 3184 '
354 3165 547 3264 praesertim
574 3171 772 3267 Poetarum,
812 3187 976 3280 corruptis
1000 3190 1080 3262 iocis
1100 3191 1356 3294 haudquaquam

355 3295 615 3377 contemnenda.
651 3299 742 3374 Nam
761 3305 1003 3402 correctiones,
1028 3315 1108 3386 licet
1133 3317 1208 3390 fere
1231 3345 1302 3396 non
1326 3325 1359 3399 in

254 3495 257 3503 Ι
291 3475 293 3483 .
352 3417 544 3512 gravissumo
571 3427 833 3518 corruptelarum
859 3453 982 3528 genere
1009 3441 1214 3536 versentur,
1248 3469 1361 3526 tamen
1411 3519 1414 3528 .

351 3542 523 3633 acumine,
548 3543 731 3644 elegantiae
750 3551 914 3645 sensu‚&
934 3561 1072 3638 lenitate
1087 3573 1254 3664 remedii,
1266 3601 1359 3652 com·

352 3667 561 3744 mendantur.
612 3673 808 3778 Complureo
822 3703 942 3773 verae,
960 3711 1086 3783 paucae
1108 3695 1211 3770 nobis
1236 3701 1357 3778 viden-

275 3821 278 3826 ·
351 3807 408 3862 tur
422 3789 536 3868 falsae:
562 3799 692 3874 mediae
715 3823 868 3898 quoque,
895 3831 974 3904 quas
998 3813 1062 3887 nec
1084 3823 1271 3914 probamus
1290 3853 1355 3903 neo
1424 3857 1425 3920 i

316 3913 594 4010 -repudiamus,
634 3925 758 4000 habent
786 3931 886 4026 quod·
906 3937 1047 4032 placeat.
1105 3947 1251 4040 Septem
1280 3955 1360 4028 dunt

348 4037 468 4119 Libero·
491 4044 618 4140 capita:
649 4051 793 4146 primum
821 4060 971 4135 versatur
1002 4063 1037 4140 in
1066 4069 1276 4169 Propertio:
1309 4079 1357 4152 se·

1206 4204 1356 4284 cundum
