2850 5278
223 389 612 488 renarrouns
649 391 995 470 unavronae
1040 420 1110 490 119

95 574 185 648 Nos
221 568 305 648 hanc
335 567 506 642 materiam
541 566 583 640 ad
615 565 683 640 duo
713 567 944 642 revocabimus
973 569 1101 664 capita,

96 693 148 769 de
184 691 302 788 quibus
334 693 440 766 verbo
463 692 660 766 sententiam
697 691 841 766 nostram
862 689 1099 788 significemus:

97 825 240 896 alterurn
266 817 501 911 complectitur
528 817 693 913 judicium
726 818 770 890 de
803 835 907 911 opere
932 819 1098 914 Appiani,

95 950 240 1024 alterurn
265 941 532 1014 emendationem
558 943 750 1038 scripturae.
805 944 854 1048 lit
887 937 921 1014 in
950 943 1099 1020 laudibus

92 1069 264 1146 historicis
289 1065 434 1168 Appiani
450 1066 672 1163 explicandis,
702 1065 838 1164 ipsoque
860 1089 879 1136 a
900 1067 1000 1164 plagii
1023 1093 1100 1166 per·

93 1197 238 1293 vulgato
269 1189 406 1264 crimine
444 1192 674 1286 vindicando,
713 1191 895 1286 reperimus
928 1191 1101 1290 Schweig-

91 1317 291 1403 haeuserurn
322 1341 391 1392 non
427 1315 565 1390 dudlum
597 1293 685 1393 esse·
705 1318 834 1416 vulgari
866 1341 983 1390 eorum
1016 1340 1097 1390 con·

92 1440 297 1535 suetudine,
326 1441 402 1540 qui,
440 1468 524 1540 quos
550 1445 718 1520 ductores
742 1449 843 1516 edere
869 1439 1097 1530 constituunt,

94 1590 161 1642 eos
185 1568 276 1666 prius
297 1570 451 1658 laudant,
476 1588 515 1644 ut
543 1567 698 1644 nimirum
716 1571 759 1642 ab
790 1591 907 1642 eorum
930 1565 1099 1662 gravitate

90 1687 156 1787 ipn
172 1692 256 1766 suae
280 1718 400 1793 operae
426 1695 557 1792 pondus
584 1696 731 1770 addant:
762 1695 818 1770 sed
846 1697 997 1770 secutum
1028 1687 1100 1760 esse

89 1816 290 1916 diligentem
329 1820 549 1918 Antiquitatis
587 1821 782 1912 scientiam,
829 1818 1099 1920 prudentemque

93 1941 250 2017 criticam
283 1945 457 2020 rationem.
516 1949 641 2044 Neque
672 1949 781 2022 minus
809 1942 1100 2038 operaepretium

88 2060 246 2144 facturus
277 2069 434 2142 videatur
466 2068 587 2144 Editor
615 2071 651 2144 in
681 2066 886 2144 emendanda
913 2065 1100 2162 scriptura,

87 2217 200 2286 quae,
227 2195 335 2268 tribus
361 2195 472 2268 adhuc
495 2195 697 2268 editionibus
720 2192 880 2290 prodita,
904 2209 941 2264 et
964 2211 1007 2264 er
1031 2215 1102 2268 uno

84 2319 284 2415 eodemque
299 2316 507 2392 vitiosrsfimo
521 2318 638 2392 codice
656 2317 821 2419 expressa,
828 2315 978 2414 plurimis
995 2315 1100 2388 obsita

84 2463 145 2516 est·
166 2443 309 2518 labibus.
361 2443 462 2538 Cujus
486 2441 621 2538 quidem
649 2447 699 2520 rei
727 2463 854 2520 certam
885 2443 982 2518 nobis
1015 2439 1101 2514 lecit

83 2563 182 2662 spem
217 2588 281 2662 per
309 2565 487 2662 specimina
510 2570 809 2662 emendationum,
841 2568 1029 2670 exquibus
1062 2585 1100 2642 et

87 2691 241 2764 Editoris
261 2690 424 2784 facultas,
443 2709 479 2764 et
502 2694 689 2792 Augustani
708 2696 834 2774 codicis
859 2695 1010 2786 bonitas,
1039 2717 1099 2774 co·
1181 2759 1184 2766 r
1224 2792 1227 2802 ι

90 2816 274 2912 gnolcitur.
324 2819 442 2914 ltaque
463 2821 543 2895 Bell.
560 2825 676 2900 Punic.
701 2829 741 2905 1„
757 2827 785 2902 1.
808 2852 845 2924 p.
863 2831 899 2902 ό.
923 2817 986 2896 Ed.
1003 2821 1097 2896 Tou.

96 2938 254 3031 Regulus
288 2941 408 3016 dicitur
439 2947 673 3043 Carthaginem
706 2950 866 3020 rediisse:
902 2923 1099 3006 ἱπᾱῖἦλθν

94 3062 143 3153 εἷς
171 3053 460 3171 λῖμνην’ἕτοιμος,
490 3071 612 3148 Editor
635 3093 735 3151 acuta
770 3064 980 3166 elegantique
1013 3084 1096 3134 con·

94 3218 221 3316 jeclura
247 3217 411 3316 corrigit,
446 3221 508 3306 ἐπ.
528 3208 573 3297 εἷς
591 3207 704 3308 λύμην
730 3205 892 3308 leopos,
935 3217 1098 3296 P'WPW‘

97 3361 179 3430 abiit
208 3358 250 3428 acl
272 3364 462 3434 cruciatum.
512 3359 562 3433 lu
586 3381 620 3453 p.
640 3375 697 3446 59.
712 3337 809 3430 κοπὶς
825 3335 857 3424 8⁸
870 3329 902 3424 nl
924 3328 1101 3444 lfflfodln

95 3485 159 3575 :cal
211 3485 254 3578 ‘tl
315 3493 492 3608 Karroglru
549 3485 770 3602 fgarinador
815 3473 935 3560 lrtlotr:
987 3478 1097 3574 priora

93 3621 224 3711 verba,
255 3643 341 3718 quae
372 3623 570 3698 sententiam
597 3613 729 3714 prorsus
753 3607 916 3692 turbant,
959 3607 1095 3706 egregie

93 3743 337 3838 restituuntor,
359 3753 479 3846 partim
506 3773 550 3823 ex
572 3737 728 3838 ingenio,
759 3729 880 3832 partim
904 3751 949 3808 ex
977 3728 1097 3805 codice

96 3870 326 3970 Augustauo,
374 3855 465 3950 eorde
498 3859 531 3944 δ’
554 3849 587 3938 >ir
620 3843 790 3944 latroni,
822 3876 891 3934 erat
907 3881 979 3936 uero
995 3857 1096 3932 Carri-

576 3991 664 4077 H4
1015 3977 1104 4072 culae
