<?xml version="1.0" encoding="UTF-8"?>
<!DOCTYPE html PUBLIC "-//W3C//DTD XHTML 1.0 Transitional//EN"
    "http://www.w3.org/TR/xhtml1/DTD/xhtml1-transitional.dtd">
<html xmlns="http://www.w3.org/1999/xhtml" xml:lang="en" lang="en">
 <head>
  <title>
</title>
<meta http-equiv="Content-Type" content="text/html;charset=utf-8" />
  <meta name='ocr-system' content='tesseract 3.04.00' />
  <meta name='ocr-capabilities' content='ocr_page ocr_carea ocr_par ocr_line ocrx_word'/>
</head>
<body>
  <div class='ocr_page' id='page_1' title='image "./bibliothecacrit00wyttgoog_0118.png"; bbox 0 0 2844 5250; ppageno 0'>
   <div class='ocr_carea' id='block_1_1' title="bbox 145 405 1095 582">
    <p class='ocr_par' dir='ltr' id='par_1_1' title="bbox 145 405 1095 582">
     <span class='ocr_line' id='line_1_1' title="bbox 145 405 1095 582; baseline 0.021 -44"><span class='ocrx_word' id='word_1_1' title='bbox 145 471 153 492; x_wconf 60' lang='grc'><strong>’</strong></span> <span class='ocrx_word' id='word_1_2' title='bbox 247 405 922 558; x_wconf 54' lang='lat' dir='ltr'>nransssrnmonr.</span> <span class='ocrx_word' id='word_1_3' title='bbox 1046 507 1095 582; x_wconf 70' lang='lat'>99</span> 
     </span>
    </p>
   </div>
   <div class='ocr_carea' id='block_1_2' title="bbox 72 643 1092 783">
    <p class='ocr_par' dir='ltr' id='par_1_2' title="bbox 72 643 1092 783">
     <span class='ocr_line' id='line_1_2' title="bbox 72 643 1092 783; baseline 0.004 -43"><span class='ocrx_word' id='word_1_4' title='bbox 72 643 142 740; x_wconf 79' lang='lat' dir='ltr'>l&#39;t&#39;tti</span> <span class='ocrx_word' id='word_1_5' title='bbox 163 647 288 740; x_wconf 63' lang='lat' dir='ltr'>nonni</span> <span class='ocrx_word' id='word_1_6' title='bbox 313 647 465 749; x_wconf 70' lang='grc' dir='ltr'><strong>ἄφασῖα</strong></span> <span class='ocrx_word' id='word_1_7' title='bbox 489 693 531 743; x_wconf 77' lang='grc' dir='ltr'>τι</span> <span class='ocrx_word' id='word_1_8' title='bbox 552 647 615 744; x_wconf 68' lang='lat' dir='ltr'>sai</span> <span class='ocrx_word' id='word_1_9' title='bbox 636 654 898 760; x_wconf 56' lang='lat' dir='ltr'>samtro&#39;mir</span> <span class='ocrx_word' id='word_1_10' title='bbox 917 672 971 769; x_wconf 68' lang='grc' dir='ltr'>τξὸ</span> <span class='ocrx_word' id='word_1_11' title='bbox 996 703 1092 783; x_wconf 55' lang='lat' dir='ltr'>cgn-</span> 
     </span>
    </p>
   </div>
   <div class='ocr_carea' id='block_1_3' title="bbox 69 781 1282 906">
    <p class='ocr_par' dir='ltr' id='par_1_3' title="bbox 69 781 1282 906">
     <span class='ocr_line' id='line_1_3' title="bbox 69 781 1282 906; baseline 0.01 -32"><span class='ocrx_word' id='word_1_12' title='bbox 69 785 228 894; x_wconf 71' lang='lat' dir='ltr'>‘rta&#39;part</span> <span class='ocrx_word' id='word_1_13' title='bbox 265 781 459 884; x_wconf 68' lang='lat' dir='ltr'>rioiroi.</span> <span class='ocrx_word' id='word_1_14' title='bbox 532 799 709 894; x_wconf 87' lang='lat' dir='ltr'>Primum,</span> <span class='ocrx_word' id='word_1_15' title='bbox 743 803 829 880; x_wconf 87' lang='lat' dir='ltr'>nulla</span> <span class='ocrx_word' id='word_1_16' title='bbox 859 809 971 882; x_wconf 82' lang='lat' dir='ltr'>caussa</span> <span class='ocrx_word' id='word_1_17' title='bbox 1002 827 1086 906; x_wconf 88' lang='lat' dir='ltr'>est,</span> <span class='ocrx_word' id='word_1_18' title='bbox 1235 794 1282 874; x_wconf 57' lang='lat'>,⁸</span> 
     </span>
    </p>
   </div>
   <div class='ocr_carea' id='block_1_4' title="bbox 2 915 1095 2388">
    <p class='ocr_par' dir='ltr' id='par_1_4' title="bbox 2 915 1095 1780">
     <span class='ocr_line' id='line_1_4' title="bbox 65 915 1089 1028; baseline 0.024 -40"><span class='ocrx_word' id='word_1_19' title='bbox 65 935 168 1014; x_wconf 83' lang='lat' dir='ltr'>qtsare</span> <span class='ocrx_word' id='word_1_20' title='bbox 181 915 252 990; x_wconf 90' lang='lat' dir='ltr'>hoe</span> <span class='ocrx_word' id='word_1_21' title='bbox 266 938 394 1008; x_wconf 87' lang='lat' dir='ltr'>unum,</span> <span class='ocrx_word' id='word_1_22' title='bbox 413 937 581 1020; x_wconf 86' lang='lat' dir='ltr'>tamquam</span> <span class='ocrx_word' id='word_1_23' title='bbox 603 927 645 1000; x_wconf 87' lang='lat' dir='ltr'>ab</span> <span class='ocrx_word' id='word_1_24' title='bbox 661 928 731 1004; x_wconf 87' lang='lat' dir='ltr'>aliis</span> <span class='ocrx_word' id='word_1_25' title='bbox 749 947 947 1028; x_wconf 90' lang='lat' dir='ltr'>acceptum,</span> <span class='ocrx_word' id='word_1_26' title='bbox 964 933 1089 1012; x_wconf 89' lang='lat' dir='ltr'>referat</span> 
     </span>
     <span class='ocr_line' id='line_1_5' title="bbox 64 1040 1095 1151; baseline 0.019 -34"><span class='ocrx_word' id='word_1_27' title='bbox 64 1040 241 1140; x_wconf 77' lang='lat' dir='ltr'>scriptor,</span> <span class='ocrx_word' id='word_1_28' title='bbox 266 1069 345 1120; x_wconf 85' lang='lat' dir='ltr'>cnm</span> <span class='ocrx_word' id='word_1_29' title='bbox 377 1047 438 1126; x_wconf 85' lang='lat' dir='ltr'>alia</span> <span class='ocrx_word' id='word_1_30' title='bbox 460 1049 572 1127; x_wconf 88' lang='lat' dir='ltr'>omnia</span> <span class='ocrx_word' id='word_1_31' title='bbox 597 1073 643 1126; x_wconf 84' lang='lat' dir='ltr'>er</span> <span class='ocrx_word' id='word_1_32' title='bbox 665 1051 722 1126; x_wconf 89' lang='lat' dir='ltr'>sua</span> <span class='ocrx_word' id='word_1_33' title='bbox 753 1051 824 1150; x_wconf 88' lang='lat' dir='ltr'>ipse</span> <span class='ocrx_word' id='word_1_34' title='bbox 848 1056 986 1151; x_wconf 87' lang='lat' dir='ltr'>persona</span> <span class='ocrx_word' id='word_1_35' title='bbox 1013 1083 1095 1148; x_wconf 65' lang='lat' dir='ltr'>nan,</span> 
     </span>
     <span class='ocr_line' id='line_1_6' title="bbox 61 1155 1086 1278; baseline 0.018 -38"><span class='ocrx_word' id='word_1_36' title='bbox 61 1179 134 1240; x_wconf 59' lang='lat' dir='ltr'>retr</span> <span class='ocrx_word' id='word_1_37' title='bbox 189 1170 328 1278; x_wconf 83' lang='lat' dir='ltr'>Deinde</span> <span class='ocrx_word' id='word_1_38' title='bbox 349 1156 493 1258; x_wconf 67' lang='grc' dir='ltr'>ἀφασία</span> <span class='ocrx_word' id='word_1_39' title='bbox 517 1176 636 1252; x_wconf 88' lang='lat' dir='ltr'>melius</span> <span class='ocrx_word' id='word_1_40' title='bbox 665 1177 830 1253; x_wconf 85' lang='lat' dir='ltr'>convenit</span> <span class='ocrx_word' id='word_1_41' title='bbox 861 1177 951 1254; x_wconf 87' lang='lat' dir='ltr'>&#39;huic</span> <span class='ocrx_word' id='word_1_42' title='bbox 979 1155 1086 1276; x_wconf 68' lang='lat' dir='ltr'>loco}</span> 
     </span>
     <span class='ocr_line' id='line_1_7' title="bbox 63 1277 1089 1408; baseline 0.016 -41"><span class='ocrx_word' id='word_1_43' title='bbox 63 1311 168 1390; x_wconf 84' lang='lat' dir='ltr'>quam</span> <span class='ocrx_word' id='word_1_44' title='bbox 192 1277 320 1370; x_wconf 69' lang='lat' dir='ltr'>raoni.</span> <span class='ocrx_word' id='word_1_45' title='bbox 359 1299 441 1373; x_wconf 87' lang='lat' dir='ltr'>Hoc</span> <span class='ocrx_word' id='word_1_46' title='bbox 460 1299 545 1376; x_wconf 88' lang='lat' dir='ltr'>illius</span> <span class='ocrx_word' id='word_1_47' title='bbox 566 1302 921 1400; x_wconf 82' lang='lat' dir='ltr'>interpretamentum,</span> <span class='ocrx_word' id='word_1_48' title='bbox 947 1308 1089 1408; x_wconf 86' lang='lat' dir='ltr'>margini</span> 
     </span>
     <span class='ocr_line' id='line_1_8' title="bbox 59 1419 1084 1532; baseline 0.014 -38"><span class='ocrx_word' id='word_1_49' title='bbox 59 1419 301 1520; x_wconf 82' lang='lat' dir='ltr'>adscriptum,</span> <span class='ocrx_word' id='word_1_50' title='bbox 342 1438 466 1532; x_wconf 84' lang='lat' dir='ltr'>temere</span> <span class='ocrx_word' id='word_1_51' title='bbox 507 1425 543 1504; x_wconf 93' lang='lat' dir='ltr'>in</span> <span class='ocrx_word' id='word_1_52' title='bbox 577 1427 765 1505; x_wconf 85' lang='lat' dir='ltr'>orationem</span> <span class='ocrx_word' id='word_1_53' title='bbox 803 1429 980 1508; x_wconf 73' lang='lat' dir='ltr'>inversum</span> <span class='ocrx_word' id='word_1_54' title='bbox 1011 1453 1084 1512; x_wconf 63' lang='lat' dir='ltr'>,ests</span> 
     </span>
     <span class='ocr_line' id='line_1_9' title="bbox 2 1532 1085 1652; baseline 0.01 -31"><span class='ocrx_word' id='word_1_55' title='bbox 2 1567 3 1572; x_wconf 74' lang='grc'>’</span> <span class='ocrx_word' id='word_1_56' title='bbox 60 1549 196 1622; x_wconf 79' lang='lat' dir='ltr'>Postea</span> <span class='ocrx_word' id='word_1_57' title='bbox 216 1547 286 1624; x_wconf 81' lang='lat' dir='ltr'>soit</span> <span class='ocrx_word' id='word_1_58' title='bbox 306 1551 405 1646; x_wconf 85' lang='lat' dir='ltr'>alius,</span> <span class='ocrx_word' id='word_1_59' title='bbox 430 1553 489 1652; x_wconf 91' lang='lat' dir='ltr'>qui</span> <span class='ocrx_word' id='word_1_60' title='bbox 515 1532 673 1640; x_wconf 64' lang='grc' dir='ltr'>ἀφασίαν</span> <span class='ocrx_word' id='word_1_61' title='bbox 697 1553 733 1630; x_wconf 88' lang='lat' dir='ltr'>in</span> <span class='ocrx_word' id='word_1_62' title='bbox 765 1533 900 1636; x_wconf 61' lang='grc' dir='ltr'>’ἔφασαν</span> <span class='ocrx_word' id='word_1_63' title='bbox 921 1577 1085 1652; x_wconf 69' lang='lat' dir='ltr'>mutaret,</span> 
     </span>
     <span class='ocr_line' id='line_1_10' title="bbox 56 1673 1058 1780; baseline 0.015 -33"><span class='ocrx_word' id='word_1_64' title='bbox 56 1673 184 1770; x_wconf 80' lang='lat' dir='ltr'>Atque</span> <span class='ocrx_word' id='word_1_65' title='bbox 205 1697 250 1752; x_wconf 81' lang='lat' dir='ltr'>cx</span> <span class='ocrx_word' id='word_1_66' title='bbox 271 1675 339 1754; x_wconf 89' lang='lat' dir='ltr'>hoc</span> <span class='ocrx_word' id='word_1_67' title='bbox 357 1680 484 1780; x_wconf 85' lang='lat' dir='ltr'>duplici</span> <span class='ocrx_word' id='word_1_68' title='bbox 503 1681 602 1758; x_wconf 89' lang='lat' dir='ltr'>fonte</span> <span class='ocrx_word' id='word_1_69' title='bbox 628 1681 718 1758; x_wconf 83' lang='lat' dir='ltr'>labes</span> <span class='ocrx_word' id='word_1_70' title='bbox 742 1681 886 1761; x_wconf 80' lang='lat' dir='ltr'>manasse</span> <span class='ocrx_word' id='word_1_71' title='bbox 909 1685 1058 1765; x_wconf 80' lang='lat' dir='ltr'>videtu.</span> 
     </span>
    </p>

    <p class='ocr_par' dir='ltr' id='par_1_5' title="bbox 2 1803 1082 2388">
     <span class='ocr_line' id='line_1_11' title="bbox 2 1803 1081 1908; baseline 0.006 -30"><span class='ocrx_word' id='word_1_72' title='bbox 2 1819 3 1878; x_wconf 65' lang='grc' dir='ltr'><em>ῖ</em></span> <span class='ocrx_word' id='word_1_73' title='bbox 105 1804 154 1876; x_wconf 92' lang='lat' dir='ltr'>L.</span> <span class='ocrx_word' id='word_1_74' title='bbox 189 1803 259 1882; x_wconf 86' lang='lat' dir='ltr'>IV.</span> <span class='ocrx_word' id='word_1_75' title='bbox 291 1807 492 1906; x_wconf 72' lang='lat' dir='ltr'>Agesilaus,</span> <span class='ocrx_word' id='word_1_76' title='bbox 524 1803 560 1880; x_wconf 88' lang='lat' dir='ltr'>in</span> <span class='ocrx_word' id='word_1_77' title='bbox 598 1807 680 1884; x_wconf 84' lang='lat' dir='ltr'>Asia</span> <span class='ocrx_word' id='word_1_78' title='bbox 710 1827 848 1908; x_wconf 36' lang='lat' dir='ltr'>contra,</span> <span class='ocrx_word' id='word_1_79' title='bbox 865 1811 979 1888; x_wconf 88' lang='lat' dir='ltr'>Persas</span> <span class='ocrx_word' id='word_1_80' title='bbox 1008 1805 1081 1884; x_wconf 85' lang='lat' dir='ltr'>rem</span> 
     </span>
     <span class='ocr_line' id='line_1_12' title="bbox 2 1919 1078 2033; baseline 0.014 -38"><span class='ocrx_word' id='word_1_81' title='bbox 2 1919 3 1950; x_wconf 67' lang='lat'>⁷</span> <span class='ocrx_word' id='word_1_82' title='bbox 53 1923 225 2022; x_wconf 86' lang='lat' dir='ltr'>prospere</span> <span class='ocrx_word' id='word_1_83' title='bbox 247 1951 392 2028; x_wconf 83' lang='lat' dir='ltr'>gerens,</span> <span class='ocrx_word' id='word_1_84' title='bbox 417 1951 601 2008; x_wconf 83' lang='lat' dir='ltr'>revocatur</span> <span class='ocrx_word' id='word_1_85' title='bbox 623 1957 644 2009; x_wconf 87' lang='lat' dir='ltr'>a</span> <span class='ocrx_word' id='word_1_86' title='bbox 667 1936 838 2033; x_wconf 87' lang='lat' dir='ltr'>Spartanis</span> <span class='ocrx_word' id='word_1_87' title='bbox 864 1935 1078 2026; x_wconf 82' lang='lat' dir='ltr'>adbellum,</span> 
     </span>
     <span class='ocr_line' id='line_1_13' title="bbox 53 2049 1077 2156; baseline 0.01 -32"><span class='ocrx_word' id='word_1_88' title='bbox 53 2049 161 2149; x_wconf 82' lang='lat' dir='ltr'>qaod</span> <span class='ocrx_word' id='word_1_89' title='bbox 193 2071 308 2129; x_wconf 81' lang='lat' dir='ltr'>contra</span> <span class='ocrx_word' id='word_1_90' title='bbox 342 2055 430 2156; x_wconf 88' lang='lat' dir='ltr'>ipsos</span> <span class='ocrx_word' id='word_1_91' title='bbox 462 2076 641 2134; x_wconf 88' lang='lat' dir='ltr'>moverant</span> <span class='ocrx_word' id='word_1_92' title='bbox 677 2061 836 2136; x_wconf 90' lang='lat' dir='ltr'>Thebani</span> <span class='ocrx_word' id='word_1_93' title='bbox 858 2083 935 2136; x_wconf 87' lang='lat' dir='ltr'>eum</span> <span class='ocrx_word' id='word_1_94' title='bbox 966 2061 1077 2136; x_wconf 87' lang='lat' dir='ltr'>Athe·</span> 
     </span>
     <span class='ocr_line' id='line_1_14' title="bbox 56 2175 1082 2286; baseline 0.006 -34"><span class='ocrx_word' id='word_1_95' title='bbox 56 2175 231 2252; x_wconf 81' lang='lat' dir='ltr'>aiensibus</span> <span class='ocrx_word' id='word_1_96' title='bbox 263 2199 367 2280; x_wconf 87' lang='lat' dir='ltr'>atque</span> <span class='ocrx_word' id='word_1_97' title='bbox 399 2184 583 2260; x_wconf 89' lang='lat' dir='ltr'>Corinthiis</span> <span class='ocrx_word' id='word_1_98' title='bbox 614 2185 752 2282; x_wconf 83' lang='lat' dir='ltr'>aliisque</span> <span class='ocrx_word' id='word_1_99' title='bbox 782 2183 912 2276; x_wconf 87' lang='lat' dir='ltr'>sociis,</span> <span class='ocrx_word' id='word_1_100' title='bbox 945 2187 1082 2286; x_wconf 87' lang='lat' dir='ltr'>propul-</span> 
     </span>
     <span class='ocr_line' id='line_1_15' title="bbox 57 2301 1081 2388; baseline 0.004 -10"><span class='ocrx_word' id='word_1_101' title='bbox 57 2301 201 2382; x_wconf 88' lang='lat' dir='ltr'>sandum.</span> <span class='ocrx_word' id='word_1_102' title='bbox 226 2371 232 2380; x_wconf 84' lang='lat'><strong><em>.</em></strong></span> <span class='ocrx_word' id='word_1_103' title='bbox 261 2305 394 2380; x_wconf 83' lang='lat' dir='ltr'>Redux</span> <span class='ocrx_word' id='word_1_104' title='bbox 410 2306 539 2384; x_wconf 88' lang='lat' dir='ltr'>hostes</span> <span class='ocrx_word' id='word_1_105' title='bbox 567 2303 602 2378; x_wconf 92' lang='lat' dir='ltr'>in</span> <span class='ocrx_word' id='word_1_106' title='bbox 629 2307 802 2384; x_wconf 88' lang='lat' dir='ltr'>Thessalia</span> <span class='ocrx_word' id='word_1_107' title='bbox 833 2312 954 2388; x_wconf 76' lang='lat' dir='ltr'>vineit.</span> <span class='ocrx_word' id='word_1_108' title='bbox 1012 2309 1081 2385; x_wconf 83' lang='lat' dir='ltr'>Sed</span> 
     </span>
    </p>
   </div>
   <div class='ocr_carea' id='block_1_5' title="bbox 57 2423 1239 2528">
    <p class='ocr_par' dir='ltr' id='par_1_6' title="bbox 57 2423 1239 2528">
     <span class='ocr_line' id='line_1_16' title="bbox 57 2423 1239 2528; baseline 0 -25"><span class='ocrx_word' id='word_1_109' title='bbox 57 2427 179 2503; x_wconf 70' lang='lat' dir='ltr'>eodem</span> <span class='ocrx_word' id='word_1_110' title='bbox 209 2447 376 2526; x_wconf 85' lang='lat' dir='ltr'>tempore</span> <span class='ocrx_word' id='word_1_111' title='bbox 407 2426 590 2522; x_wconf 89' lang='lat' dir='ltr'>Pisander,</span> <span class='ocrx_word' id='word_1_112' title='bbox 622 2423 710 2528; x_wconf 77' lang='lat' dir='ltr'>ejus&#39;</span> <span class='ocrx_word' id='word_1_113' title='bbox 729 2455 782 2508; x_wconf 58' lang='lat' dir='ltr'>exx</span> <span class='ocrx_word' id='word_1_114' title='bbox 801 2435 913 2509; x_wconf 85' lang='lat' dir='ltr'>sdrore</span> <span class='ocrx_word' id='word_1_115' title='bbox 943 2455 1080 2528; x_wconf 79' lang='lat' dir='ltr'>nepos,</span> <span class='ocrx_word' id='word_1_116' title='bbox 1231 2423 1239 2440; x_wconf 86' lang='lat'><em>&#39;</em></span> 
     </span>
    </p>
   </div>
   <div class='ocr_carea' id='block_1_6' title="bbox 48 2537 1212 3923">
    <p class='ocr_par' dir='ltr' id='par_1_7' title="bbox 48 2537 1212 3923">
     <span class='ocr_line' id='line_1_17' title="bbox 57 2537 1080 2656; baseline 0.002 -28"><span class='ocrx_word' id='word_1_117' title='bbox 57 2555 168 2631; x_wconf 83' lang='lat' dir='ltr'>navali</span> <span class='ocrx_word' id='word_1_118' title='bbox 186 2557 318 2656; x_wconf 88' lang='lat' dir='ltr'>praelio</span> <span class='ocrx_word' id='word_1_119' title='bbox 342 2551 500 2630; x_wconf 86' lang='lat' dir='ltr'>funditur</span> <span class='ocrx_word' id='word_1_120' title='bbox 527 2555 570 2630; x_wconf 91' lang='lat' dir='ltr'>ad</span> <span class='ocrx_word' id='word_1_121' title='bbox 596 2557 768 2650; x_wconf 89' lang='lat' dir='ltr'>Cnidum,</span> <span class='ocrx_word' id='word_1_122' title='bbox 802 2537 910 2656; x_wconf 79' lang='lat' dir='ltr'>copiis</span> <span class='ocrx_word' id='word_1_123' title='bbox 933 2559 1080 2634; x_wconf 81' lang='lat' dir='ltr'>Pharna·</span> 
     </span>
     <span class='ocr_line' id='line_1_18' title="bbox 54 2675 1075 2782; baseline 0.002 -28"><span class='ocrx_word' id='word_1_124' title='bbox 54 2675 152 2774; x_wconf 80' lang='lat' dir='ltr'>bani,</span> <span class='ocrx_word' id='word_1_125' title='bbox 176 2681 286 2760; x_wconf 74' lang='lat' dir='ltr'>duslu</span> <span class='ocrx_word' id='word_1_126' title='bbox 299 2680 469 2782; x_wconf 85' lang='lat' dir='ltr'>Cononis:</span> <span class='ocrx_word' id='word_1_127' title='bbox 493 2679 570 2780; x_wconf 89' lang='lat' dir='ltr'>qui,</span> <span class='ocrx_word' id='word_1_128' title='bbox 597 2683 751 2760; x_wconf 76' lang='lat' dir='ltr'>Athenas</span> <span class='ocrx_word' id='word_1_129' title='bbox 775 2684 855 2762; x_wconf 91' lang='lat' dir='ltr'>inde</span> <span class='ocrx_word' id='word_1_130' title='bbox 869 2681 1075 2782; x_wconf 70' lang='lat' dir='ltr'>profectus,</span> 
     </span>
     <span class='ocr_line' id='line_1_19' title="bbox 53 2801 1077 2910; baseline 0.001 -27"><span class='ocrx_word' id='word_1_131' title='bbox 53 2825 173 2886; x_wconf 88' lang='lat' dir='ltr'>muros</span> <span class='ocrx_word' id='word_1_132' title='bbox 187 2807 371 2910; x_wconf 30' lang='lat' dir='ltr'>*inllauran</span> <span class='ocrx_word' id='word_1_133' title='bbox 388 2807 428 2887; x_wconf 76' lang='lat' dir='ltr'>dt</span> <span class='ocrx_word' id='word_1_134' title='bbox 449 2808 548 2884; x_wconf 89' lang='lat' dir='ltr'>maris</span> <span class='ocrx_word' id='word_1_135' title='bbox 567 2810 745 2909; x_wconf 87' lang='lat' dir='ltr'>imperium</span> <span class='ocrx_word' id='word_1_136' title='bbox 765 2812 894 2909; x_wconf 88' lang='lat' dir='ltr'>patriae</span> <span class='ocrx_word' id='word_1_137' title='bbox 918 2801 1077 2887; x_wconf 80' lang='lat' dir='ltr'>restituit.</span> 
     </span>
     <span class='ocr_line' id='line_1_20' title="bbox 51 2926 1077 3032; baseline -0.006 -19"><span class='ocrx_word' id='word_1_138' title='bbox 51 2929 203 3013; x_wconf 83' lang='lat' dir='ltr'>Interea</span> <span class='ocrx_word' id='word_1_139' title='bbox 220 2926 434 3032; x_wconf 80' lang='lat' dir='ltr'>p&#39;rogrediers</span> <span class='ocrx_word' id='word_1_140' title='bbox 457 2931 630 3032; x_wconf 73' lang='lat' dir='ltr'>Agesilaus</span> <span class='ocrx_word' id='word_1_141' title='bbox 653 2935 761 3011; x_wconf 87' lang='lat' dir='ltr'>socios</span> <span class='ocrx_word' id='word_1_142' title='bbox 789 2935 903 3009; x_wconf 83' lang='lat' dir='ltr'>fundit</span> <span class='ocrx_word' id='word_1_143' title='bbox 933 2935 976 3008; x_wconf 89' lang='lat' dir='ltr'>ad</span> <span class='ocrx_word' id='word_1_144' title='bbox 1008 2933 1077 3008; x_wconf 88' lang='lat' dir='ltr'>Co·</span> 
     </span>
     <span class='ocr_line' id='line_1_21' title="bbox 49 3053 1074 3161; baseline -0.01 -23"><span class='ocrx_word' id='word_1_145' title='bbox 49 3053 208 3140; x_wconf 84' lang='lat' dir='ltr'>ron&#39;eam.</span> <span class='ocrx_word' id='word_1_146' title='bbox 259 3061 507 3140; x_wconf 85' lang='lat' dir='ltr'>Corinthiorum</span> <span class='ocrx_word' id='word_1_147' title='bbox 534 3084 610 3161; x_wconf 85' lang='lat' dir='ltr'>pars</span> <span class='ocrx_word' id='word_1_148' title='bbox 643 3083 723 3136; x_wconf 91' lang='lat' dir='ltr'>cum</span> <span class='ocrx_word' id='word_1_149' title='bbox 756 3059 926 3158; x_wconf 84' lang='lat' dir='ltr'>Spartanis</span> <span class='ocrx_word' id='word_1_150' title='bbox 954 3067 1074 3157; x_wconf 81' lang='lat' dir='ltr'>pacem</span> 
     </span>
     <span class='ocr_line' id='line_1_22' title="bbox 49 3167 1073 3285; baseline -0.012 -21"><span class='ocrx_word' id='word_1_151' title='bbox 49 3185 269 3277; x_wconf 61' lang='lat' dir='ltr'>meditatam</span> <span class='ocrx_word' id='word_1_152' title='bbox 301 3186 420 3283; x_wconf 84' lang='lat' dir='ltr'>unde,</span> <span class='ocrx_word' id='word_1_153' title='bbox 443 3189 497 3264; x_wconf 90' lang='lat' dir='ltr'>illa</span> <span class='ocrx_word' id='word_1_154' title='bbox 528 3167 613 3264; x_wconf 78' lang='lat' dir='ltr'>uibe</span> <span class='ocrx_word' id='word_1_155' title='bbox 635 3189 677 3261; x_wconf 89' lang='lat' dir='ltr'>ab</span> <span class='ocrx_word' id='word_1_156' title='bbox 708 3184 849 3285; x_wconf 80' lang='lat' dir='ltr'>Asgivis</span> <span class='ocrx_word' id='word_1_157' title='bbox 877 3199 1073 3278; x_wconf 86' lang='lat' dir='ltr'>occupata,</span> 
     </span>
     <span class='ocr_line' id='line_1_23' title="bbox 51 3303 1153 3391; baseline -0.005 0"><span class='ocrx_word' id='word_1_158' title='bbox 51 3315 138 3391; x_wconf 88' lang='lat' dir='ltr'>belli</span> <span class='ocrx_word' id='word_1_159' title='bbox 162 3313 257 3390; x_wconf 86' lang='lat' dir='ltr'>sedes</span> <span class='ocrx_word' id='word_1_160' title='bbox 287 3315 378 3390; x_wconf 89' lang='lat' dir='ltr'>circa</span> <span class='ocrx_word' id='word_1_161' title='bbox 405 3337 480 3389; x_wconf 88' lang='lat' dir='ltr'>earn</span> <span class='ocrx_word' id='word_1_162' title='bbox 512 3313 741 3390; x_wconf 89' lang='lat' dir='ltr'>constituitur.</span> <span class='ocrx_word' id='word_1_163' title='bbox 796 3311 903 3387; x_wconf 89' lang='lat' dir='ltr'>Varia</span> <span class='ocrx_word' id='word_1_164' title='bbox 937 3303 1076 3381; x_wconf 87' lang='lat' dir='ltr'>fortuna</span> <span class='ocrx_word' id='word_1_165' title='bbox 1149 3375 1153 3386; x_wconf 91' lang='lat'>.</span> 
     </span>
     <span class='ocr_line' id='line_1_24' title="bbox 50 3423 1078 3542; baseline -0.009 -27"><span class='ocrx_word' id='word_1_166' title='bbox 50 3458 241 3542; x_wconf 79' lang='lat' dir='ltr'>pugnatun</span> <span class='ocrx_word' id='word_1_167' title='bbox 296 3439 476 3542; x_wconf 88' lang='lat' dir='ltr'>Iphicratis</span> <span class='ocrx_word' id='word_1_168' title='bbox 502 3441 606 3516; x_wconf 89' lang='lat' dir='ltr'>etiarn</span> <span class='ocrx_word' id='word_1_169' title='bbox 649 3440 760 3517; x_wconf 85' lang='lat' dir='ltr'>virtus</span> <span class='ocrx_word' id='word_1_170' title='bbox 801 3432 984 3522; x_wconf 81' lang='lat' dir='ltr'>intlanrit,</span> <span class='ocrx_word' id='word_1_171' title='bbox 1016 3423 1078 3528; x_wconf 83' lang='lat' dir='ltr'>qui</span> 
     </span>
     <span class='ocr_line' id='line_1_25' title="bbox 48 3563 1081 3656; baseline -0.015 -12"><span class='ocrx_word' id='word_1_172' title='bbox 48 3566 402 3644; x_wconf 82' lang='lat' dir='ltr'>Lacedaemoniorum</span> <span class='ocrx_word' id='word_1_173' title='bbox 436 3570 575 3644; x_wconf 88' lang='lat' dir='ltr'>Moram</span> <span class='ocrx_word' id='word_1_174' title='bbox 611 3563 778 3656; x_wconf 73' lang='lat' dir='ltr'>conficit,</span> <span class='ocrx_word' id='word_1_175' title='bbox 817 3565 860 3638; x_wconf 86' lang='lat' dir='ltr'>ab</span> <span class='ocrx_word' id='word_1_176' title='bbox 893 3575 1081 3652; x_wconf 42' lang='lat' dir='ltr'>eorumquew</span> 
     </span>
     <span class='ocr_line' id='line_1_26' title="bbox 50 3687 1076 3800; baseline -0.016 -28"><span class='ocrx_word' id='word_1_177' title='bbox 50 3697 88 3772; x_wconf 88' lang='lat' dir='ltr'>vi</span> <span class='ocrx_word' id='word_1_178' title='bbox 115 3693 317 3772; x_wconf 77' lang='lat' dir='ltr'>Corinthios</span> <span class='ocrx_word' id='word_1_179' title='bbox 341 3695 506 3781; x_wconf 87' lang='lat' dir='ltr'>defendit.</span> <span class='ocrx_word' id='word_1_180' title='bbox 557 3697 723 3770; x_wconf 88' lang='lat' dir='ltr'>Ceterum</span> <span class='ocrx_word' id='word_1_181' title='bbox 748 3711 793 3764; x_wconf 85' lang='lat' dir='ltr'>ex</span> <span class='ocrx_word' id='word_1_182' title='bbox 814 3687 914 3800; x_wconf 80' lang='lat' dir='ltr'>Aliae</span> <span class='ocrx_word' id='word_1_183' title='bbox 940 3704 1076 3783; x_wconf 88' lang='lat' dir='ltr'>quoque</span> 
     </span>
     <span class='ocr_line' id='line_1_27' title="bbox 48 3809 1212 3923; baseline -0.015 -23"><span class='ocrx_word' id='word_1_184' title='bbox 48 3823 195 3900; x_wconf 82' lang='lat' dir='ltr'>urbibus</span> <span class='ocrx_word' id='word_1_185' title='bbox 222 3821 437 3923; x_wconf 78' lang='lat' dir='ltr'>expelluntur</span> <span class='ocrx_word' id='word_1_186' title='bbox 458 3815 761 3909; x_wconf 84' lang='lat' dir='ltr'>Laetedaemonii,</span> <span class='ocrx_word' id='word_1_187' title='bbox 788 3835 892 3914; x_wconf 88' lang='lat' dir='ltr'>opera</span> <span class='ocrx_word' id='word_1_188' title='bbox 906 3809 1077 3887; x_wconf 89' lang='lat' dir='ltr'>Cononis&#39;t</span> <span class='ocrx_word' id='word_1_189' title='bbox 1206 3861 1212 3866; x_wconf 87' lang='lat'>-</span> 
     </span>
    </p>
   </div>
   <div class='ocr_carea' id='block_1_7' title="bbox 47 3935 1217 4039">
    <p class='ocr_par' dir='ltr' id='par_1_8' title="bbox 47 3935 1217 4039">
     <span class='ocr_line' id='line_1_28' title="bbox 47 3935 1217 4039; baseline -0.02 -13"><span class='ocrx_word' id='word_1_190' title='bbox 47 3945 113 4036; x_wconf 72' lang='lat' dir='ltr'>dc,</span> <span class='ocrx_word' id='word_1_191' title='bbox 130 3947 235 4024; x_wconf 77' lang='lat' dir='ltr'>variis</span> <span class='ocrx_word' id='word_1_192' title='bbox 252 3945 372 4024; x_wconf 69' lang='lat' dir='ltr'>areeri</span> <span class='ocrx_word' id='word_1_193' title='bbox 397 3947 545 4026; x_wconf 86' lang='lat' dir='ltr'>cladibus</span> <span class='ocrx_word' id='word_1_194' title='bbox 562 3947 757 4039; x_wconf 84' lang='lat' dir='ltr'>navalibus,</span> <span class='ocrx_word' id='word_1_195' title='bbox 783 3941 922 4020; x_wconf 80' lang='lat' dir='ltr'>tandem</span> <span class='ocrx_word' id='word_1_196' title='bbox 949 3935 1078 4012; x_wconf 88' lang='lat' dir='ltr'>Telett·</span> <span class='ocrx_word' id='word_1_197' title='bbox 1213 3979 1217 3985; x_wconf 93' lang='lat'>-</span> 
     </span>
    </p>
   </div>
   <div class='ocr_carea' id='block_1_8' title="bbox 48 4053 1077 4278">
    <p class='ocr_par' dir='ltr' id='par_1_9' title="bbox 48 4053 1077 4278">
     <span class='ocr_line' id='line_1_29' title="bbox 48 4053 1076 4258; baseline -0.016 -101"><span class='ocrx_word' id='word_1_198' title='bbox 48 4073 95 4157; x_wconf 78' lang='lat' dir='ltr'>ria</span> <span class='ocrx_word' id='word_1_199' title='bbox 121 4071 213 4154; x_wconf 71' lang='lat' dir='ltr'>dum</span> <span class='ocrx_word' id='word_1_200' title='bbox 235 4097 309 4159; x_wconf 79' lang='lat' dir='ltr'>tem</span> <span class='ocrx_word' id='word_1_201' title='bbox 331 4073 531 4160; x_wconf 71' lang='lat' dir='ltr'>malititam</span> <span class='ocrx_word' id='word_1_202' title='bbox 560 4095 608 4173; x_wconf 72' lang='lat' dir='ltr'>ex</span> <span class='ocrx_word' id='word_1_203' title='bbox 630 4089 728 4173; x_wconf 88' lang='lat' dir='ltr'>parte</span> <span class='ocrx_word' id='word_1_204' title='bbox 752 4053 965 4170; x_wconf 83' lang='lat' dir='ltr'>recuperant.</span> <span class='ocrx_word' id='word_1_205' title='bbox 1018 4057 1076 4258; x_wconf 73' lang='lat' dir='ltr'>hA·</span> 
     </span>
     <span class='ocr_line' id='line_1_30' title="bbox 566 4197 1077 4278; baseline -0.004 -20"><span class='ocrx_word' id='word_1_206' title='bbox 566 4201 601 4278; x_wconf 76' lang='lat' dir='ltr'>G</span> <span class='ocrx_word' id='word_1_207' title='bbox 628 4225 648 4278; x_wconf 79' lang='lat'>2</span> <span class='ocrx_word' id='word_1_208' title='bbox 1002 4199 1016 4258; x_wconf 88' lang='lat' dir='ltr'>t</span> <span class='ocrx_word' id='word_1_209' title='bbox 1041 4197 1077 4256; x_wconf 85' lang='lat' dir='ltr'>t·</span> 
     </span>
    </p>
   </div>
   <div class='ocr_carea' id='block_1_9' title="bbox 0 0 1426 5250">
    <p class='ocr_par' dir='ltr' id='par_1_10' title="bbox 0 0 1426 5250">
     <span class='ocr_line' id='line_1_31' title="bbox 0 0 1426 5250; baseline 0 6"><span class='ocrx_word' id='word_1_210' title='bbox 0 0 1426 5250; x_wconf 95' lang='lat' dir='ltr'> </span> 
     </span>
    </p>
   </div>
  </div>
 </body>
</html>
