2858 5280
382 543 451 618 132
512 493 1286 593 RELATIONESBREVIORE&
1423 565 1424 630 ?

384 1067 536 1144 ficantur
563 1057 768 1162 perlegendo
796 1057 918 1132 libello.
968 1055 1283 1136 nnlmdverfiona
1311 1064 1390 1138 sunt

386 1215 431 1268 eo
447 1211 607 1276 numero,
624 1203 665 1260 ut
680 1183 790 1258 nullut
811 1184 854 1258 ab
867 1181 909 1258 iis
928 1199 1030 1256 vacet
1044 1183 1139 1258 locus
1184 1183 1242 1282 qui
1254 1186 1391 1283 juveni·

359 1319 452 1414 ‚lem
478 1309 731 1411 intelligentiam
759 1307 880 1386 morari
910 1325 1023 1404 queat.
1072 1309 1168 1384 Nam
1193 1309 1235 1386 dr
1263 1333 1317 1386 rer
1346 1336 1389 1388 ex
1425 1270 1426 1356 i

389 1428 544 1518 Historia
561 1435 603 1513 dr
618 1436 834 1535 Antiquitate
847 1433 1066 1512 illustrantur:
1089 1429 1130 1508 dt
1144 1437 1251 1546 verba
1263 1459 1385 1514 eonon

386 1589 454 1666 que
482 1561 687 1640 commuto
722 1561 853 1638 ratione
891 1559 1120 1636 Grammatict
1151 1562 1385 1660 explicantur:

387 1691 600 1789 &priunum
630 1687 809 1764 Editotum
836 1711 965 1764 errores
997 1683 1134 1760 liubinde
1161 1687 1391 1782 corriguntur.
1426 1728 1427 1762 l

385 1815 575 1893 Dottrinae
598 1813 697 1910 copia
715 1835 767 1888 ert
785 1837 844 1906 ea,
868 1837 955 1912 quae
981 1835 1027 1888 err
1051 1808 1207 1908 probabii
1232 1811 1389 1887 Graecae

385 1940 540 2039 Linguae
561 1937 602 2016 dt
625 1939 849 2039 Antiouitatis
872 1937 1089 2036 cognitione,
1110 1933 1151 2012 dt
1170 1957 1216 2014 ex
1231 1935 1390 2035 diligenti

386 2065 644 2164 praecipuorum
667 2065 935 2141 -Socraticorum
976 2063 1198 2162 Dialogurum
1245 2063 1391 2140 lectione

229 2191 232 2198 ‘
327 2251 331 2264 .
388 2185 570 2266 contratla'
599 2190 668 2282 lit,
692 2191 827 2288 quique
849 2187 1113 2290 inteligentiae,
1139 2213 1208 2268 non
1240 2185 1389 2265 tironuin

389 2315 581 2407 duntaxat,
598 2315 655 2390 sed
673 2315 862 2390 doctiorum
885 2315 987 2388 etiam
1003 2311 1203 2391 consulatur.
1252 2318 1395 2393 Praeter

386 2441 525 2522 subsidia
545 2441 744 2535 Editionum
767 2443 970 2517 Graecorum
997 2437 1076 2514 usur
1099 2461 1154 2516 ert
1177 2443 1394 2520 Observatio-
1427 2425 1428 2490 ³

386 2567 486 2644 nibus
506 2567 735 2663 Interprerurn
757 2567 1002 2660 recentiorum,
1035 2565 1241 2663 Sydenhami
1260 2570 1394 2672 Britan

388 2691 476 2780 niti,
499 2689 540 2764 dr
563 2687 703 2764 Arnaldi
732 2689 878 2768 Gallici:
913 2712 1078 2788 quorum,
1101 2692 1159 2764 ille
1177 2696 1348 2788 probatur
1373 2716 1395 2770 a

387 2811 573 2902 dottrine,
615 2811 672 2888 hic
696 2830 835 2890 notatur
867 2831 1032 2912 tamquam
1062 2812 1148 2888 illius
1178 2817 1399 2913 compilata.

390 2935 511 3016 Codex
530 2937 708 3032 Venetus,
733 2938 791 3036 qui
812 2939 854 3014 ad
877 2942 1033 3018 seculum
1048 2941 1121 3017 ΧΠ
1144 2941 1314 3036 refertur,
1341 2971 1396 3028 ae.

380 3081 508 3138 'curate
530 3063 701 3162 scriptur,
734 3067 839 3142 bonae
865 3065 1003 3162 quidem
1024 3069 1182 3168 praebuit
1203 3068 1395 3167 lectiones,

389 3209 457 3266 nec
481 3208 595 3266 tamen
627 3189 772 3290 vulgatis
795 3192 905 3268 multo
932 3195 1087 3273 meliores
1112 3215 1173 3272 aut
1197 3199 1397 3295 praecipuae

389 3337 577 3394 momento.
627 3317 756 3414 Neque
780 3339 865 3394 vero
889 3339 943 3398 est
967 3319 1024 3400 hic
1045 3324 1210 3423 Dialogus
1234 3323 1395 3421 gravibus

390 3438 656 3537 inveteratirque
676 3441 872 3518 vulneribus
895 3445 1059 3541 affector,
1085 3471 1172 3548 quae
1195 3447 1396 3550 lingulam

387 3587 409 3640 a
433 3563 557 3639 Critica
580 3581 653 3638 arte
668 3567 869 3672 medicinam
886 3563 1132 3674 exspeunent„
1179 3573 1345 3673 Denique
1364 3575 1401 3650 in·

279 3783 286 3796 Ι
387 3689 600 3771 Praelatione
618 3713 660 3766 ac
686 3710 761 3766 tota
786 3695 937 3789 ratione,
962 3716 1017 3773 eat
1047 3700 1180 3776 bonitas
1205 3701 1399 3794 orationis,

230 3829 233 3838 '
384 3815 504 3912 judicii
532 3815 694 3910 subtilitas
726 3841 804 3892 cum
837 3821 1018 3917 prudentid
1050 3824 1091 3902 dt
1122 3822 1313 3904 modestia:
1357 3849 1401 3904 ut

310 3965 312 3972 ’
387 3941 484 4016 nobis
517 3943 655 4039 quidem
686 3945 809 4019 Editor
843 3946 983 4043 altiore,
1016 3973 1118 4046 quam
1152 3947 1399 4042 subnotans,

386 4065 466 4146 loco
491 4065 612 4168 dignus
634 4065 812 4178 videatur,
837 4069 877 4154 dr
897 4095 982 4174 uere
1002 4072 1167 4154 habeatur
1183 4095 1229 4152 eu
1250 4095 1400 4155 nuntero

1341 4201 1401 4304 qui
