2868 5282
136 501 138 506 .
236 401 417 511 Ta'sr.
456 435 614 512 nont
651 423 917 512 unnrr.
1025 447 1074 522 aa

62 596 188 686 Verrii
220 605 332 682 Flacci
368 600 470 705 oper‘a
514 607 782 684 contrudantur:
824 626 996 704 praeterea
1028 614 1070 690 ad

65 735 196 807 calcem
218 731 291 807 libri
307 735 426 809 eadem
454 733 624 810 Fastorum
648 749 839 808 nostrorum
863 731 1068 831 fragmenta,

63 881 147 932 cum
170 857 366 954 fragmentis
385 859 522 932 aliorum
551 860 752 951 Fastorum,
777 857 836 955 qui
859 856 1006 932 similiter
1031 863 1066 937 in
1089 856 1092 862 ‘

60 1005 232 1059 mannore
260 981 374 1080 scripti
403 987 480 1057 c'u‘rn
514 981 673 1072 Romae,
705 992 778 1058 tur'n
807 979 878 1058 aliis
901 983 936 1058 ln
962 985 1065 1074 locis,

58 1107 191 1205 reperti
215 1106 316 1199 sunt,
349 1109 466 1184 collata
487 1109 634 1204 adjecit,
660 1129 704 1182 ex
727 1129 796 1206 quo
819 1108 999 1204 compler'u
1023 1105 1064 1184 ἃ

59 1235 244 1310 collatione
268 1234 419 1308 exoritur
442 1235 646 1332 integrum,
670 1231 732 1320 ἃ,
757 1230 867 1327 quoad
887 1231 959 1329 ejus
985 1234 1059 1307 fieri

53 1361 201 1459 potuit,
236 1359 424 1457 perieulum
459 1356 686 1435 calendarium
715 1358 936 1448 Romanurn,
968 1357 1061 1452 quod
1173 1419 1177 1426 .

25 1488 89 1572 ,in
114 1475 176 1562 usu'
198 1483 263 1558 fuit
287 1486 362 1558 ab
352 1485 450 1558 mitio
467 1479 648 1573 an'norirm,
674 1481 732 1579 qui
747 1481 870 1578 Juliaui
894 1481 1061 1631 appellen*

51 1631 139 1701 tur,
165 1609 329 1710 usquead
354 1597 483 1684 Claudii
503 1601 691 1708 imperium.¹
993 1689 996 1694 ,

107 1738 177 1812 His
195 1738 238 1812 de
253 1735 364 1833 operis
387 1735 517 1809 ratione
531 1735 736 1834 praemialis,'
757 1749 849 1809 nunc
862 1755 949 1830 age,=·
970 1739 1055 1807 no'n·
1077 1783 1080 1790 .

51 1864 162 1937 ΤΝΠοΝἸ
194 1863 369 1936 Fastorum
407 1861 500 1934 lot'os
531 1862 746 1951 excitemus,
778 1852 1052 1956 videamusque,¹
1119 1896 1127 1916 ι
1224 1917 1228 1935 .

50 2012 150 2085 quam
181 1984 367 2061 dotlrlnam
393 1983 432 2058 δι
455 1985 614 2057 criticam
642 1984 838 2058 facultatem
861 1982 896 2056 in
920 1982 960 2054 iis
988 1991 1050 2054 erre
1153 2007 1156 2014 ·

48 2113 208 2207 plicuerit
233 2111 426 2210 Fogginius.

93 2239 312 2335 Singulorum
332 2233 494 2307 m‘en'fium'
512 2231 618 2304 Fastis
637 2232 793 2328 praefixit
810 2233 953 2308 Ve'rriu's
971 2243 1050 2307 cuni

42 2362 323 2458 appellationem,
349 2377 420 2430 tum
438 2358 535 2455 hujus
550 2359 727 2432 rationem.
761 2359 845 2434 Huc
861 2348 1049 2429 referantur

36 2487 113 2562 duo
137 2479 254 2558 menis
278 2481 425 2581 Januarii
446 2479 652 2580 fragnrenua:

312 2703 679 2819 ΤΝΤΝΝΑΤΤο
799 2773 804 2796 .

42 2831 138 2910 &z
251 2817 357 2912 .T.
382 2783 506 2910 inu.
533 2833 678 2938 Quor)

42 3057 180 3152 Supplet
226 3031 414 3153 Fogginius
451 3049 548 3132 illud:
591 3049 861 3148 appellabatur
847 3042 898 3140 ui
923 3046 1036 3126 Latio,-

42 3169 118 3254 Hoc
139 3200 273 3256 autem:
308 3181 441 3254 latium
468 3183 550 3266 libo,
582 3177 660 3270 quod
687 3173 818 3268 Janual
844 3178 936 3272 appel
934 3179 1033 3248 l.arur

43 3291 237 3383 Censorinus
262 3307 306 3381 de
337 3309 384 3382 D.
414 3299 465 3382 N
492 3305 530 3379 C.
555 3291 620 3390 ai,
658 3284 703 3374 ei
735 3301 890 3375 Varrone
927 3279 1031 3373 <locet

41 3409 207 3507 Romanos
231 3455 251 3504 a
272 3430 404 3506 Latinit
428 3431 560 3506 nomina
589 3427 749 3502 mensium
773 3423 966 3522 accepisse,
990 3421 1032 3498 δε
1111 3412 1116 3422 ’

38 3552 225 3645 Jmumum
247 3583 267 3632 a
287 3561 392 3656 Jano,
425 3556 481 3634 cui
504 3555 706 3671 attributus,
730 3575 854 3634 nomen
878 3545 1028 3624 traxisse

39 3663 136 3754 Porro
162 3683 310 3776 Janual‚
338 3702 377 3758 ut
401 3699 544 3756 testatur
546 3657 705 3772 Festui,
730 3658 846 3758 Verrii
870 3659 1029 3776 compila'·

40 3813 109 3891 tor,
132 3825 187 3880 est
208 3809 266 3880 libi
295 3811 415 3902 genus,
447 3809 527 3899 quod
549 3807 640 3901 Jano
664 3807 874 3885 tantummodo
899 3785 1031 3882 libaturi

41 3913 196 4004 Meminit
216 3919 288 4031 ejus
307 3912 414 4010 Ouid.
438 3933 528 4014 ΕΤΝΤ
552 3937 580 4016 Ι.
608 3955 688 4030 122.

86 4057 153 4196 Vol.
173 4050 223 4134 ll.
242 4045 325 4136 Pari
338 4037 408 4132 lli.
636 4059 665 4132 F
860 4079 868 4098 “
974 4099 1036 4208 Λᾶ
