2868 5282
159 349 161 358 '
310 442 359 520 4⁰
408 400 1240 508 ANECDOTA·G'R.VILLOISONI

365 587 479 691 Hujus
495 579 647 686 quamvis
673 580 853 678 longaeac
876 574 1054 652 laboriosae
1073 577 1232 654 censurae
1255 605 1324 660 noa
1421 585 1427 592 '

322 739 365 790 eo
382 709 489 784 minus
503 705 681 812 poenitet,
705 727 773 800 quo
794 699 979 780 accuratius
995 703 1161 800 agendum
1185 715 1258 778 'erat
1280 707 1326 788 de

322 839 408 922 libro
423 833 562 933 antiquo
585 813 675 908 uurrc
697 825 841 930 primurn
862 823 905 898 ad
927 841 1139 907 communem
1162 833 1326 912 notitiam

324 963 475 1064 vulgato,
527 957 674 1058 Operam
691 949 865 1039 dedimus,
890 965 929 1022 ut
945 951 1215 1046 ostenderemus,
1237 959 1329 1054 quid

326 1087 362 1165 ln
385 1109 428 1161 eo
442 1105 591 1172 novum,
614 1075 694 1178 quid
714 1075 1030 1173 vulgatum,·esset.
1083 1077 1261 1172 Vidimus,
1290 1083 1334 1166 iri

325 1214 403 1292 l'atis
430 1229 549 1305 magua
571 1221 697 1317 parte,
728 1223 827 1296 quam
850 1197 1105 1306 retenluimus,
1137 1205 1333 1303 perpaucos

325 1337 397 1415 esse
414 1338 526 1423 locos,
541 1351 694 1430 quorum
715 1321 879 1402 sederein
903 1322 1110 1402 Auduribus
1134 1329 1237 1406 editis
1258 1355 1333 1410 uon

328 1457 560 1564 reperiremus.
612 1450 683 1560 Qui
702 1447 768 1524 loci
790 1467 904 1524 utrum
926 1449 1001 1526 alibi
1027 1447 1179 1545 exstent,
1204 1479 1247 1530 an
1266 1481 1334 1533 no-

329 1591 428 1666 stram
466 1577 672 1680 diligentiam
704 1573 882 1675 fugerint,
914 1600 983 1652 non
1016 1575 1195 1654 statuimus.
1256 1583 1332 1658 Sed

277 1729 282 1751 ²
330 1715 410 1804 fac,
433 1705 525 1806 quod
554 1717 697 1780 nonest
722 1700 902 1792 credibile,
936 1702 980 1778 nil
1004 1703 1073 1777 tsse
1093 1700 1127 1774 in
1150 1703 1330 1780 Eudociae

249 1847 252 1854 “
328 1857 452 1936 erpere,
476 1827 557 1929 quin
574 1825 665 1900 idern
679 1823 713 1900 iu
729 1824 829 1900 editis
846 1826 935 1906 libris
949 1827 1119 1925 proditum
1132 1827 1191 1932 lr53
1208 1853 1336 1930 magna

326 1957 486 2068 profesto
507 1955 541 2029 ei
554 1953 756 2050 relinquatur
780 1945 850 2030 laus
867 1953 1002 2028 criticae
1018 1949 1171 2032 utilitatis
1189 1954 1231 2028 ad
1258 1959 1338 2036 Au.

331 2087 484 2174 elotum,
509 2075 691 2178 exquibus
714 2098 913 2176 congestum
939 2095 992 2153 est
1007 2076 1226 2188 ,lediionem
1248 2104 1333 2156 cou-

330 2206 544 2310 llituendam·
600 2205 722 2302 Itaque
755 2201 986 2294 Villoisonus,
1025 2203 1178 2305 quamvis
1209 2207 1333 2292 nullam

320 2305 453 2444 ‚adjecit
471 2329 807 2421 animadverfionem,
830 2307 1033 2436 magnopere
1049 2325 1093 2400 de
1109 2327 1340 2430 Antiquitatis

306 2457 309 2462 ’
330 2461 441 2543 lludio
462 2455 602 2532 meritus
617 2473 669 2530 est
689 2453 822 2530 edendo
846 2471 964 2527 vetere
981 2473 1202 2536 monumento
1217 2456 1278 2536 diu
1292 2463 1341 2542 ab

334 2582 474 2670 eruditis
497 2577 686 2663 bominibus
704 2577 910 2684 exspeetato.
1192 2589 1199 2596 ·
1383 2555 1392 2570 ’
