2850 5278
317 471 397 556 ’ω
531 465 571 540 C.
614 455 813 537 CORN.
857 455 1173 540 TACITUS

235 629 238 634 ⁸
351 701 380 744 ‚,
407 639 527 741 opinor
540 635 695 729 dixisset,
712 635 774 736 sed
787 641 837 712 ris
854 641 932 712 ulia.
958 637 1076 733 Itaque
1092 633 1239 710 venitin
1258 655 1352 712 men·

351 827 376 866 „
400 790 470 848 tem
487 763 674 863 corrigerer
693 765 919 866 sedulitatis,
943 761 1040 856 live,'
1060 767 1104 838 ri.
1147 763 1187 833 Iu
1195 765 1355 866 judipiuur

307 891 309 900 ’
350 956 377 1000 ,‚
403 875 576 978 reureiar’i
602 896 714 1002 Quam
729 891 972 979 eurreiiionem
989 888 1144 988 cumipse
1158 889 1355 986 repudiave-

351 1031 398 1110 rit
416 1023 599 1112 Ernestur,
626 1043 695 1094 nou
711 1041 785 1092 eam
803 1017 929 1092 referre
946 1019 1115 1096 debebant
1142 1015 1325 1114 Bipontini.

294 1227 297 1239 ,
352 1203 355 1212 ·
405 1159 487 1252 Cap.
511 1145 676 1224 LXXIV.
709 1147 873 1218 Permutat
889 1149 967 1237 -lu'r,
1000 1163 1173 1240 quantoque
1197 1146 1353 1216 incautius

350 1281 569 1379 efferbuerat,
601 1275 798 1368 poenitentia
819 1273 969 1370 patiens,
995 1273 1095 1358 tulit,
1131 1267 1252 1365 ubsulri
1275 1295 1354 1345 reum

352 1404 536 1490 criminibus
551 1393 742 1493 majestatis.
770 1397 970 1472 Memorant
982 1393 1228 1494 conjefim,
1246 1422 1356 1497 quarn·

354 1555 454 1632 quam
487 1522 683 1602 dubitanter
707 1523 750 1600 ab
777 1524 926 1603 Ernesto
959 1526 1149 1621 prolatam,
1185 1531 1357 1621 quandoque

352 1658 543 1741 incautius,
577 1665 617 1721 ut
655 1653 773 1742 quanda
805 1651 988 1748 accipiatur
1020 1675 1083 1749 pro
1114 1657 1199 1748 quia.
1249 1649 1358 1746 Atqui

355 1777 509 1860 solemnis
542 1775 670 1852 Tacito
702 1773 810 1848 forma
841 1801 910 1850 non
940 1797 1011 1852 erat
1037 1775 1269 1867 sollicitanda3
1307 1777 1358 1853 nili

356 1911 430 2006 quis
460 1926 636 2006 operarum
659 1901 774 1996 vitia,
808 1906 912 1979 modo
934 1903 976 1978 ad
1002 1927 1074 2004 cap.
1094 1905 1199 1990 LVII
1224 1925 1357 1997 notata,

355 2035 445 2114 tueri
469 2034 572 2110 malit.
631 2029 750 2106 Potius
774 2033 999 2131 interpretum
1037 2031 1252 2128 eonjeiiurae
1278 2032 1358 2106 reie-

356 2163 479 2246 rendae
503 2178 599 2234 erant
621 2158 664 2232 de
692 2155 843 2232 ditiione
867 2161 1059 2254 poenitentia
1080 2161 1221 2254 patiens.
1259 2159 1356 2256 Cujur

356 2275 494 2395 quidenr'
518 2289 596 2364 loco
622 2283 718 2361 nobis
749 2281 958 2360 scribendum
989 2281 1126 2362 videtur
1157 2289 1359 2385 poenitemini
1391 2327 1393 2350 .

352 2438 479 2528 pullini-

803 2657 923 2732 L.11.
976 2651 979 2660 '
1034 2655 1040 2670 '

407 2944 489 3039 Cap.
513 2937 621 3017 vlu,
664 2931 792 3030 Clasfis‘
807 2937 950 3034 Amiſsae
972 2941 1109 3031 retina,
1140 2939 1229 3012 laeuo
1254 2963 1363 3031 amna·

357 3085 558 3162 erratumque
583 3071 616 3137 in
642 3089 676 3138 eo
703 3063 781 3159 quod
802 3090 862 3139 nort
876 3069 1058 3168 subrexit:
1094 3059 1291 3163 transposuit
1314 3071 1365 3138 ui·

358 3203 467 3288 lituu,
490 3198 638 3268 dexteras
664 3195 698 3263 in
729 3213 833 3266 terras
859 3200 986 3270 iturum.
1045 3189 1213 3266 Adfertur
1235 3184 1363 3264 Ernesti

358 3319 529 3398 uorreiiio
560 3319 702 3394 delentis
734 3321 955 3419 transposuit:
990 3343 1089 3420 quam
1121 3343 1190 3393 non
1227 3319 1363 3416 probant

358 3429 563 3544 ¹Bipoirtirri,
594 3449 766 3546 vulgatam
793 3447 973 3522 leilionem
997 3447 1044 3521 ita
1056 3437 1302 3543 accipientes,
1331 3457 1364 3514 ut

362 3575 530 3670 dupliciter
553 3593 693 3648 erratum
709 3575 839 3669 fuerit,
865 3573 1030 3670 primum,
1057 3574 1136 3666 quui
1153 3572 1365 3670 nunsabrtrit

359 3691 524 3789 militem,
557 3715 631 3773 tum
664 3699 756 3795 quod
795 3725 852 3773 nou
888 3702 1081 3792 transponit
1115 3703 1263 3778 militem.
1318 3696 1368 3772 Ab

363 3825 428 3898 hac
443 3815 503 3899 nos
518 3825 728 3899 dissentimus
745 3819 930 3912 sententia,
946 3843 1144 3920 quamquam
1162 3824 1222 3923 ipsi
1239 3843 1366 3924 quoque

361 3951 549 4030 retinentes
587 3951 800 4047 vulgatam,
851 3939 1034 4026 secundum
1067 3953 1367 4050 interpuniiionem

1278 4097 1366 4178 quam
