<?xml version="1.0" encoding="UTF-8"?>
<!DOCTYPE html PUBLIC "-//W3C//DTD XHTML 1.0 Transitional//EN"
    "http://www.w3.org/TR/xhtml1/DTD/xhtml1-transitional.dtd">
<html xmlns="http://www.w3.org/1999/xhtml" xml:lang="en" lang="en">
 <head>
  <title>
</title>
<meta http-equiv="Content-Type" content="text/html;charset=utf-8" />
  <meta name='ocr-system' content='tesseract 3.04.00' />
  <meta name='ocr-capabilities' content='ocr_page ocr_carea ocr_par ocr_line ocrx_word'/>
</head>
<body>
  <div class='ocr_page' id='page_1' title='image "./bibliothecacrit00wyttgoog_0276.png"; bbox 0 0 2850 5278; ppageno 0'>
   <div class='ocr_carea' id='block_1_1' title="bbox 199 465 1087 586">
    <p class='ocr_par' dir='ltr' id='par_1_1' title="bbox 199 461 1207 596">
     <span class='ocr_line' id='line_1_1' title="bbox 199 465 1087 586; baseline 0.031 -32"><span class='ocrx_word' id='word_1_1' title='bbox 199 469 587 581; x_wconf 75' lang='lat' dir='ltr'><strong>nasamonas</strong></span> <span class='ocrx_word' id='word_1_2' title='bbox 620 465 966 574; x_wconf 81' lang='lat' dir='ltr'><strong>anuvroans.</strong></span> <span class='ocrx_word' id='word_1_3' title='bbox 1020 528 1087 586; x_wconf 66' lang='grc' dir='ltr'><strong>ιιι</strong></span> 
     </span>
    </p>
   </div>
   <div class='ocr_carea' id='block_1_2' title="bbox 50 651 1199 4001">
    <p class='ocr_par' dir='ltr' id='par_1_2' title="bbox 50 651 1199 4001">
     <span class='ocr_line' id='line_1_2' title="bbox 95 651 1164 756; baseline 0.022 -27"><span class='ocrx_word' id='word_1_4' title='bbox 95 653 281 730; x_wconf 82' lang='lat' dir='ltr'><strong>imbuendis</strong></span> <span class='ocrx_word' id='word_1_5' title='bbox 295 651 763 752; x_wconf 83' lang='lat' dir='ltr'><strong>ingeniisdiligentivetemm</strong></span> <span class='ocrx_word' id='word_1_6' title='bbox 779 667 966 746; x_wconf 69' lang='lat' dir='ltr'><strong>Auelorum</strong></span> <span class='ocrx_word' id='word_1_7' title='bbox 980 676 1096 756; x_wconf 56' lang='lat' dir='ltr'><strong>lentos</strong></span> <span class='ocrx_word' id='word_1_8' title='bbox 1158 651 1164 658; x_wconf 38' lang='lat'>⁵</span> 
     </span>
     <span class='ocr_line' id='line_1_3' title="bbox 96 781 1092 896; baseline 0.015 -45"><span class='ocrx_word' id='word_1_9' title='bbox 96 805 164 873; x_wconf 81' lang='lat' dir='ltr'><strong>ne3</strong></span> <span class='ocrx_word' id='word_1_10' title='bbox 190 804 232 855; x_wconf 85' lang='lat' dir='ltr'><strong>ex</strong></span> <span class='ocrx_word' id='word_1_11' title='bbox 255 803 372 854; x_wconf 90' lang='lat' dir='ltr'><strong>eorum</strong></span> <span class='ocrx_word' id='word_1_12' title='bbox 393 802 533 854; x_wconf 87' lang='lat' dir='ltr'><strong>numero</strong></span> <span class='ocrx_word' id='word_1_13' title='bbox 548 781 617 879; x_wconf 88' lang='lat' dir='ltr'><strong>ipse</strong></span> <span class='ocrx_word' id='word_1_14' title='bbox 632 788 838 882; x_wconf 85' lang='lat' dir='ltr'><strong>gravisfimos</strong></span> <span class='ocrx_word' id='word_1_15' title='bbox 864 799 985 896; x_wconf 87' lang='lat' dir='ltr'><strong>elegit,</strong></span> <span class='ocrx_word' id='word_1_16' title='bbox 1019 829 1092 882; x_wconf 72' lang='lat' dir='ltr'><strong>eos.</strong></span> 
     </span>
     <span class='ocr_line' id='line_1_4' title="bbox 98 899 1199 1016; baseline 0.028 -36"><span class='ocrx_word' id='word_1_17' title='bbox 98 932 164 1006; x_wconf 91' lang='lat' dir='ltr'><strong>que</strong></span> <span class='ocrx_word' id='word_1_18' title='bbox 182 899 390 1006; x_wconf 85' lang='lat' dir='ltr'><strong>frequentius</strong></span> <span class='ocrx_word' id='word_1_19' title='bbox 418 907 670 1016; x_wconf 81' lang='lat' dir='ltr'><strong>accuratiusque</strong></span> <span class='ocrx_word' id='word_1_20' title='bbox 692 915 726 986; x_wconf 88' lang='lat' dir='ltr'><strong>in</strong></span> <span class='ocrx_word' id='word_1_21' title='bbox 753 919 937 1015; x_wconf 74' lang='lat' dir='ltr'><strong>Gymnasiis</strong></span> <span class='ocrx_word' id='word_1_22' title='bbox 958 931 1092 1010; x_wconf 68' lang='lat' dir='ltr'><strong>tradlari</strong></span> <span class='ocrx_word' id='word_1_23' title='bbox 1187 911 1199 934; x_wconf 61' lang='lat'>⁸</span> 
     </span>
     <span class='ocr_line' id='line_1_5' title="bbox 91 1029 1093 1134; baseline 0.03 -31"><span class='ocrx_word' id='word_1_24' title='bbox 91 1030 193 1127; x_wconf 79' lang='lat' dir='ltr'><strong>jussit.</strong></span> <span class='ocrx_word' id='word_1_25' title='bbox 250 1029 361 1127; x_wconf 84' lang='lat' dir='ltr'><strong>Igitur</strong></span> <span class='ocrx_word' id='word_1_26' title='bbox 381 1031 428 1105; x_wconf 92' lang='lat' dir='ltr'><strong>Ill.</strong></span> <span class='ocrx_word' id='word_1_27' title='bbox 454 1031 643 1126; x_wconf 87' lang='lat' dir='ltr'><strong>Zedlizitrs,</strong></span> <span class='ocrx_word' id='word_1_28' title='bbox 677 1036 932 1124; x_wconf 76' lang='lat' dir='ltr'>Academiarum</span> <span class='ocrx_word' id='word_1_29' title='bbox 958 1055 1093 1134; x_wconf 87' lang='lat' dir='ltr'><strong>Schola·</strong></span> 
     </span>
     <span class='ocr_line' id='line_1_6' title="bbox 92 1157 1102 1277; baseline 0.018 -53"><span class='ocrx_word' id='word_1_30' title='bbox 92 1175 230 1250; x_wconf 88' lang='lat' dir='ltr'><strong>rumque</strong></span> <span class='ocrx_word' id='word_1_31' title='bbox 248 1157 493 1232; x_wconf 86' lang='lat' dir='ltr'><strong>Borusficarum</strong></span> <span class='ocrx_word' id='word_1_32' title='bbox 512 1157 671 1255; x_wconf 88' lang='lat' dir='ltr'><strong>Curator,</strong></span> <span class='ocrx_word' id='word_1_33' title='bbox 690 1167 742 1238; x_wconf 89' lang='lat' dir='ltr'><strong>vir</strong></span> <span class='ocrx_word' id='word_1_34' title='bbox 756 1171 799 1242; x_wconf 84' lang='lat' dir='ltr'><strong>de</strong></span> <span class='ocrx_word' id='word_1_35' title='bbox 816 1177 948 1252; x_wconf 85' lang='lat' dir='ltr'><strong>tuendis</strong></span> <span class='ocrx_word' id='word_1_36' title='bbox 966 1185 1102 1277; x_wconf 71' lang='lat' dir='ltr'><strong>prove.&#39;</strong></span> 
     </span>
     <span class='ocr_line' id='line_1_7' title="bbox 91 1279 1186 1408; baseline 0.026 -55"><span class='ocrx_word' id='word_1_37' title='bbox 91 1280 273 1379; x_wconf 88' lang='lat' dir='ltr'><strong>hendisque</strong></span> <span class='ocrx_word' id='word_1_38' title='bbox 297 1279 521 1356; x_wconf 74' lang='lat' dir='ltr'><strong>dotlrinarum</strong></span> <span class='ocrx_word' id='word_1_39' title='bbox 538 1284 652 1362; x_wconf 88' lang='lat' dir='ltr'><strong>studiis</strong></span> <span class='ocrx_word' id='word_1_40' title='bbox 671 1294 914 1390; x_wconf 81' lang='lat' dir='ltr'><strong>meritisfimns,</strong></span> <span class='ocrx_word' id='word_1_41' title='bbox 953 1329 1089 1408; x_wconf 81' lang='lat' dir='ltr'><strong>operam</strong></span> <span class='ocrx_word' id='word_1_42' title='bbox 1183 1357 1186 1364; x_wconf 68' lang='lat'>,</span> 
     </span>
     <span class='ocr_line' id='line_1_8' title="bbox 91 1403 1087 1513; baseline 0.019 -38"><span class='ocrx_word' id='word_1_43' title='bbox 91 1403 213 1496; x_wconf 86' lang='lat' dir='ltr'><strong>dedit,</strong></span> <span class='ocrx_word' id='word_1_44' title='bbox 250 1425 291 1480; x_wconf 90' lang='lat' dir='ltr'><strong>ut</strong></span> <span class='ocrx_word' id='word_1_45' title='bbox 312 1405 451 1480; x_wconf 88' lang='lat' dir='ltr'><strong>salutare</strong></span> <span class='ocrx_word' id='word_1_46' title='bbox 474 1411 640 1489; x_wconf 80' lang='lat' dir='ltr'><strong>confilium</strong></span> <span class='ocrx_word' id='word_1_47' title='bbox 658 1419 815 1513; x_wconf 82' lang='lat' dir='ltr'><strong>prudenti</strong></span> <span class='ocrx_word' id='word_1_48' title='bbox 843 1423 971 1498; x_wconf 88' lang='lat' dir='ltr'><strong>ratione</strong></span> <span class='ocrx_word' id='word_1_49' title='bbox 1004 1455 1087 1508; x_wconf 82' lang='lat' dir='ltr'><strong>con.</strong></span> 
     </span>
     <span class='ocr_line' id='line_1_9' title="bbox 88 1527 1086 1648; baseline 0.03 -48"><span class='ocrx_word' id='word_1_50' title='bbox 88 1527 277 1622; x_wconf 89' lang='lat' dir='ltr'><strong>ficeretur,</strong></span> <span class='ocrx_word' id='word_1_51' title='bbox 314 1555 422 1628; x_wconf 87' lang='lat' dir='ltr'><strong>neque</strong></span> <span class='ocrx_word' id='word_1_52' title='bbox 456 1535 587 1610; x_wconf 85' lang='lat' dir='ltr'><strong>tantum</strong></span> <span class='ocrx_word' id='word_1_53' title='bbox 621 1543 662 1614; x_wconf 92' lang='lat' dir='ltr'><strong>ad</strong></span> <span class='ocrx_word' id='word_1_54' title='bbox 701 1551 878 1621; x_wconf 89' lang='lat' dir='ltr'><strong>verborum</strong></span> <span class='ocrx_word' id='word_1_55' title='bbox 919 1553 1086 1648; x_wconf 83' lang='lat' dir='ltr'><strong>cognitio·</strong></span> 
     </span>
     <span class='ocr_line' id='line_1_10' title="bbox 86 1654 1085 1768; baseline 0.028 -42"><span class='ocrx_word' id='word_1_56' title='bbox 86 1675 194 1745; x_wconf 87' lang='lat' dir='ltr'><strong>nem,</strong></span> <span class='ocrx_word' id='word_1_57' title='bbox 225 1654 307 1748; x_wconf 86' lang='lat' dir='ltr'><strong>sed,</strong></span> <span class='ocrx_word' id='word_1_58' title='bbox 339 1659 428 1756; x_wconf 90' lang='lat' dir='ltr'><strong>quod</strong></span> <span class='ocrx_word' id='word_1_59' title='bbox 457 1660 491 1734; x_wconf 89' lang='lat' dir='ltr'><strong>in</strong></span> <span class='ocrx_word' id='word_1_60' title='bbox 520 1665 631 1758; x_wconf 84' lang='lat' dir='ltr'><strong>primis</strong></span> <span class='ocrx_word' id='word_1_61' title='bbox 662 1669 738 1742; x_wconf 86' lang='lat' dir='ltr'><strong>Rex</strong></span> <span class='ocrx_word' id='word_1_62' title='bbox 768 1671 1007 1768; x_wconf 68' lang='lat' dir='ltr'><strong>spectaverat,</strong></span> <span class='ocrx_word' id='word_1_63' title='bbox 1041 1678 1085 1754; x_wconf 91' lang='lat' dir='ltr'><strong>ad</strong></span> 
     </span>
     <span class='ocr_line' id='line_1_11' title="bbox 50 1781 1086 1882; baseline 0.03 -32"><span class='ocrx_word' id='word_1_64' title='bbox 50 1797 54 1806; x_wconf 88' lang='lat'>·</span> <span class='ocrx_word' id='word_1_65' title='bbox 87 1803 196 1855; x_wconf 87' lang='lat' dir='ltr'><strong>rerum</strong></span> <span class='ocrx_word' id='word_1_66' title='bbox 237 1781 408 1860; x_wconf 89' lang='lat' dir='ltr'><strong>scientiam</strong></span> <span class='ocrx_word' id='word_1_67' title='bbox 451 1805 487 1860; x_wconf 88' lang='lat' dir='ltr'><strong>et</strong></span> <span class='ocrx_word' id='word_1_68' title='bbox 533 1791 625 1865; x_wconf 87' lang='lat' dir='ltr'><strong>vitae</strong></span> <span class='ocrx_word' id='word_1_69' title='bbox 676 1795 768 1866; x_wconf 86' lang='lat' dir='ltr'><strong>usum</strong></span> <span class='ocrx_word' id='word_1_70' title='bbox 816 1820 1086 1882; x_wconf 86' lang='lat' dir='ltr'><strong>converteretur.</strong></span> 
     </span>
     <span class='ocr_line' id='line_1_12' title="bbox 83 1903 1084 2009; baseline 0.03 -34"><span class='ocrx_word' id='word_1_71' title='bbox 83 1903 127 1976; x_wconf 86' lang='lat' dir='ltr'><strong>Et</strong></span> <span class='ocrx_word' id='word_1_72' title='bbox 148 1905 343 2002; x_wconf 88' lang='lat' dir='ltr'><strong>provinciae</strong></span> <span class='ocrx_word' id='word_1_73' title='bbox 369 1911 466 2005; x_wconf 85' lang='lat' dir='ltr'><strong>hujus</strong></span> <span class='ocrx_word' id='word_1_74' title='bbox 487 1935 598 2009; x_wconf 87' lang='lat' dir='ltr'><strong>partes</strong></span> <span class='ocrx_word' id='word_1_75' title='bbox 621 1919 709 1993; x_wconf 86' lang='lat' dir='ltr'><strong>inter</strong></span> <span class='ocrx_word' id='word_1_76' title='bbox 735 1919 853 1996; x_wconf 76' lang='lat' dir='ltr'><strong>dodlos</strong></span> <span class='ocrx_word' id='word_1_77' title='bbox 877 1927 967 2001; x_wconf 91' lang='lat' dir='ltr'><strong>viros</strong></span> <span class='ocrx_word' id='word_1_78' title='bbox 991 1957 1084 2006; x_wconf 89' lang='lat' dir='ltr'><strong>corn-</strong></span> 
     </span>
     <span class='ocr_line' id='line_1_13' title="bbox 82 2029 1084 2129; baseline 0.035 -34"><span class='ocrx_word' id='word_1_79' title='bbox 82 2029 196 2124; x_wconf 81' lang='lat' dir='ltr'><strong>plures</strong></span> <span class='ocrx_word' id='word_1_80' title='bbox 220 2029 401 2121; x_wconf 81' lang='lat' dir='ltr'><strong>dilltibuit3</strong></span> <span class='ocrx_word' id='word_1_81' title='bbox 427 2055 465 2108; x_wconf 92' lang='lat' dir='ltr'><strong>ut</strong></span> <span class='ocrx_word' id='word_1_82' title='bbox 488 2039 596 2113; x_wconf 87' lang='lat' dir='ltr'><strong>alii-in</strong></span> <span class='ocrx_word' id='word_1_83' title='bbox 619 2043 860 2118; x_wconf 85' lang='lat' dir='ltr'><strong>conscribendis</strong></span> <span class='ocrx_word' id='word_1_84' title='bbox 885 2049 973 2122; x_wconf 87' lang='lat' dir='ltr'><strong>libris</strong></span> <span class='ocrx_word' id='word_1_85' title='bbox 989 2054 1084 2129; x_wconf 86' lang='lat' dir='ltr'><strong>scho-</strong></span> 
     </span>
     <span class='ocr_line' id='line_1_14' title="bbox 83 2152 1082 2272; baseline 0.03 -50"><span class='ocrx_word' id='word_1_86' title='bbox 83 2152 224 2246; x_wconf 84' lang='lat' dir='ltr'><strong>lasticis,</strong></span> <span class='ocrx_word' id='word_1_87' title='bbox 248 2157 299 2232; x_wconf 87' lang='lat' dir='ltr'><strong>alii</strong></span> <span class='ocrx_word' id='word_1_88' title='bbox 316 2160 349 2231; x_wconf 92' lang='lat' dir='ltr'><strong>in</strong></span> <span class='ocrx_word' id='word_1_89' title='bbox 368 2159 506 2234; x_wconf 81' lang='lat' dir='ltr'><strong>edendis</strong></span> <span class='ocrx_word' id='word_1_90' title='bbox 523 2161 747 2256; x_wconf 67' lang='lat' dir='ltr'><strong>Auctoribus,</strong></span> <span class='ocrx_word' id='word_1_91' title='bbox 776 2168 827 2238; x_wconf 86' lang='lat' dir='ltr'><strong>alii</strong></span> <span class='ocrx_word' id='word_1_92' title='bbox 842 2168 875 2244; x_wconf 88' lang='lat' dir='ltr'><strong>in</strong></span> <span class='ocrx_word' id='word_1_93' title='bbox 890 2180 1082 2272; x_wconf 84' lang='lat' dir='ltr'><strong>vertendis,</strong></span> 
     </span>
     <span class='ocr_line' id='line_1_15' title="bbox 83 2278 1160 2414; baseline 0.03 -65"><span class='ocrx_word' id='word_1_94' title='bbox 83 2278 129 2350; x_wconf 88' lang='lat' dir='ltr'><strong>alii</strong></span> <span class='ocrx_word' id='word_1_95' title='bbox 152 2279 189 2354; x_wconf 87' lang='lat' dir='ltr'><strong>in</strong></span> <span class='ocrx_word' id='word_1_96' title='bbox 216 2284 446 2377; x_wconf 86' lang='lat' dir='ltr'><strong>explicandis,</strong></span> <span class='ocrx_word' id='word_1_97' title='bbox 470 2285 523 2356; x_wconf 89' lang='lat' dir='ltr'><strong>alii</strong></span> <span class='ocrx_word' id='word_1_98' title='bbox 543 2284 685 2383; x_wconf 88' lang='lat' dir='ltr'><strong>denique</strong></span> <span class='ocrx_word' id='word_1_99' title='bbox 708 2289 742 2361; x_wconf 90' lang='lat' dir='ltr'><strong>in</strong></span> <span class='ocrx_word' id='word_1_100' title='bbox 759 2290 961 2388; x_wconf 76' lang='lat' dir='ltr'><strong>dcfignatrda</strong></span> <span class='ocrx_word' id='word_1_101' title='bbox 977 2305 1084 2414; x_wconf 80' lang='lat' dir='ltr'><strong>expli·</strong></span> <span class='ocrx_word' id='word_1_102' title='bbox 1156 2357 1160 2368; x_wconf 86' lang='lat'>·</span> 
     </span>
     <span class='ocr_line' id='line_1_16' title="bbox 82 2403 1083 2506; baseline 0.014 -32"><span class='ocrx_word' id='word_1_103' title='bbox 82 2403 216 2478; x_wconf 86' lang='lat' dir='ltr'><strong>cationis</strong></span> <span class='ocrx_word' id='word_1_104' title='bbox 245 2403 302 2476; x_wconf 90' lang='lat' dir='ltr'><strong>via</strong></span> <span class='ocrx_word' id='word_1_105' title='bbox 327 2407 535 2494; x_wconf 78' lang='lat' dir='ltr'><strong>erratione,</strong></span> <span class='ocrx_word' id='word_1_106' title='bbox 560 2433 694 2506; x_wconf 86' lang='lat' dir='ltr'><strong>operam</strong></span> <span class='ocrx_word' id='word_1_107' title='bbox 720 2415 930 2503; x_wconf 74' lang='lat' dir='ltr'><strong>collocarent.</strong></span> <span class='ocrx_word' id='word_1_108' title='bbox 983 2429 1083 2500; x_wconf 82' lang='lat' dir='ltr'><strong>Cete.</strong></span> 
     </span>
     <span class='ocr_line' id='line_1_17' title="bbox 84 2525 1129 2636; baseline 0.033 -41"><span class='ocrx_word' id='word_1_109' title='bbox 84 2549 167 2617; x_wconf 88' lang='lat' dir='ltr'><strong>rum,</strong></span> <span class='ocrx_word' id='word_1_110' title='bbox 195 2525 435 2622; x_wconf 82' lang='lat' dir='ltr'><strong>explicationis</strong></span> <span class='ocrx_word' id='word_1_111' title='bbox 458 2527 708 2610; x_wconf 75' lang='lat' dir='ltr'><strong>eam&#39;rarr&#39;onem</strong></span> <span class='ocrx_word' id='word_1_112' title='bbox 727 2539 920 2636; x_wconf 84' lang='lat' dir='ltr'><strong>constituit,</strong></span> <span class='ocrx_word' id='word_1_113' title='bbox 945 2553 1082 2627; x_wconf 74' lang='lat' dir='ltr'><strong>auilore</strong></span> <span class='ocrx_word' id='word_1_114' title='bbox 1124 2543 1129 2552; x_wconf 44' lang='lat'>¹</span> 
     </span>
     <span class='ocr_line' id='line_1_18' title="bbox 85 2651 1082 2756; baseline 0.028 -32"><span class='ocrx_word' id='word_1_115' title='bbox 85 2653 244 2748; x_wconf 62' lang='lat' dir='ltr'><strong>diogeno,</strong></span> <span class='ocrx_word' id='word_1_116' title='bbox 270 2651 613 2756; x_wconf 66' lang='lat' dir='ltr'><strong>viroyenustissrmae</strong></span> <span class='ocrx_word' id='word_1_117' title='bbox 639 2660 828 2756; x_wconf 71' lang='lat' dir='ltr'><strong>doetrinae,</strong></span> <span class='ocrx_word' id='word_1_118' title='bbox 856 2689 894 2742; x_wconf 90' lang='lat' dir='ltr'><strong>ut</strong></span> <span class='ocrx_word' id='word_1_119' title='bbox 911 2697 987 2748; x_wconf 88' lang='lat' dir='ltr'><strong>cum</strong></span> <span class='ocrx_word' id='word_1_120' title='bbox 1005 2655 1082 2752; x_wconf 73' lang='lat' dir='ltr'><strong>ier-</strong></span> 
     </span>
     <span class='ocr_line' id='line_1_19' title="bbox 84 2773 1081 2897; baseline 0.032 -52"><span class='ocrx_word' id='word_1_121' title='bbox 84 2775 198 2849; x_wconf 89' lang='lat' dir='ltr'><strong>borum</strong></span> <span class='ocrx_word' id='word_1_122' title='bbox 217 2773 420 2870; x_wconf 84' lang='lat' dir='ltr'><strong>linguaeque</strong></span> <span class='ocrx_word' id='word_1_123' title='bbox 438 2775 631 2876; x_wconf 86' lang='lat' dir='ltr'><strong>cognitione</strong></span> <span class='ocrx_word' id='word_1_124' title='bbox 653 2806 761 2861; x_wconf 89' lang='lat' dir='ltr'><strong>rerum</strong></span> <span class='ocrx_word' id='word_1_125' title='bbox 783 2789 919 2869; x_wconf 88' lang='lat' dir='ltr'><strong>scientia</strong></span> <span class='ocrx_word' id='word_1_126' title='bbox 941 2801 1081 2897; x_wconf 85' lang='lat' dir='ltr'><strong>conjun-</strong></span> 
     </span>
     <span class='ocr_line' id='line_1_20' title="bbox 82 2903 1080 3016; baseline 0.032 -47"><span class='ocrx_word' id='word_1_127' title='bbox 82 2921 229 2996; x_wconf 86' lang='lat' dir='ltr'><strong>geretur.</strong></span> <span class='ocrx_word' id='word_1_128' title='bbox 285 2903 405 2999; x_wconf 90' lang='lat' dir='ltr'><strong>Itaque</strong></span> <span class='ocrx_word' id='word_1_129' title='bbox 439 2905 643 2982; x_wconf 65' lang='lat' dir='ltr'><strong>doctissimus</strong></span> <span class='ocrx_word' id='word_1_130' title='bbox 682 2915 872 3008; x_wconf 79' lang='lat' dir='ltr'><strong>Gedilrius,</strong></span> <span class='ocrx_word' id='word_1_131' title='bbox 908 2925 1080 3016; x_wconf 87' lang='lat' dir='ltr'><strong>Gymnalii</strong></span> 
     </span>
     <span class='ocr_line' id='line_1_21' title="bbox 85 3024 1078 3124; baseline 0.021 -28"><span class='ocrx_word' id='word_1_132' title='bbox 85 3024 297 3098; x_wconf 83' lang='lat' dir='ltr'><strong>Fridericiani</strong></span> <span class='ocrx_word' id='word_1_133' title='bbox 319 3025 501 3118; x_wconf 72' lang='lat' dir='ltr'><strong>Direilor,</strong></span> <span class='ocrx_word' id='word_1_134' title='bbox 536 3053 614 3100; x_wconf 91' lang='lat' dir='ltr'><strong>cum</strong></span> <span class='ocrx_word' id='word_1_135' title='bbox 644 3034 723 3104; x_wconf 86' lang='lat' dir='ltr'><strong>alios</strong></span> <span class='ocrx_word' id='word_1_136' title='bbox 747 3037 914 3108; x_wconf 67' lang='lat' dir='ltr'><strong>artiores</strong></span> <span class='ocrx_word' id='word_1_137' title='bbox 938 3041 979 3112; x_wconf 91' lang='lat' dir='ltr'><strong>ad</strong></span> <span class='ocrx_word' id='word_1_138' title='bbox 1001 3046 1078 3124; x_wconf 78' lang='lat' dir='ltr'><strong>alias</strong></span> 
     </span>
     <span class='ocr_line' id='line_1_22' title="bbox 81 3149 1159 3254; baseline 0.021 -32"><span class='ocrx_word' id='word_1_139' title='bbox 81 3151 251 3226; x_wconf 72' lang='lat' dir='ltr'><strong>doetrinae</strong></span> <span class='ocrx_word' id='word_1_140' title='bbox 266 3171 374 3246; x_wconf 85' lang='lat' dir='ltr'><strong>partes</strong></span> <span class='ocrx_word' id='word_1_141' title='bbox 389 3149 600 3226; x_wconf 82' lang='lat' dir='ltr'><strong>addiscendas</strong></span> <span class='ocrx_word' id='word_1_142' title='bbox 617 3152 779 3228; x_wconf 88' lang='lat' dir='ltr'><strong>tironibus</strong></span> <span class='ocrx_word' id='word_1_143' title='bbox 797 3160 980 3254; x_wconf 83' lang='lat' dir='ltr'><strong>explicuit,</strong></span> <span class='ocrx_word' id='word_1_144' title='bbox 1004 3185 1079 3244; x_wconf 90' lang='lat' dir='ltr'><strong>tum</strong></span> <span class='ocrx_word' id='word_1_145' title='bbox 1109 3194 1113 3198; x_wconf 89' lang='lat'>·</span> <span class='ocrx_word' id='word_1_146' title='bbox 1156 3159 1159 3166; x_wconf 67' lang='grc'><strong>’</strong></span> 
     </span>
     <span class='ocr_line' id='line_1_23' title="bbox 83 3273 1144 3384; baseline 0.012 -34"><span class='ocrx_word' id='word_1_147' title='bbox 83 3273 224 3350; x_wconf 87' lang='lat' dir='ltr'><strong>Platonis</strong></span> <span class='ocrx_word' id='word_1_148' title='bbox 256 3274 565 3372; x_wconf 82' lang='lat' dir='ltr'><strong>interpretationem</strong></span> <span class='ocrx_word' id='word_1_149' title='bbox 598 3279 760 3374; x_wconf 87' lang='lat' dir='ltr'><strong>ejusmodi</strong></span> <span class='ocrx_word' id='word_1_150' title='bbox 794 3283 965 3384; x_wconf 82' lang='lat' dir='ltr'><strong>aggressus</strong></span> <span class='ocrx_word' id='word_1_151' title='bbox 1002 3309 1075 3382; x_wconf 85' lang='lat' dir='ltr'><strong>est,</strong></span> <span class='ocrx_word' id='word_1_152' title='bbox 1142 3329 1144 3335; x_wconf 38' lang='lat' dir='ltr'>v</span> 
     </span>
     <span class='ocr_line' id='line_1_24' title="bbox 81 3397 1084 3504; baseline 0.013 -32"><span class='ocrx_word' id='word_1_153' title='bbox 81 3423 166 3494; x_wconf 89' lang='lat' dir='ltr'><strong>quae</strong></span> <span class='ocrx_word' id='word_1_154' title='bbox 185 3399 226 3472; x_wconf 89' lang='lat' dir='ltr'><strong>ad</strong></span> <span class='ocrx_word' id='word_1_155' title='bbox 245 3397 439 3472; x_wconf 85' lang='lat' dir='ltr'><strong>facultatem</strong></span> <span class='ocrx_word' id='word_1_156' title='bbox 462 3401 659 3496; x_wconf 87' lang='lat' dir='ltr'><strong>disserendi,</strong></span> <span class='ocrx_word' id='word_1_157' title='bbox 684 3405 762 3491; x_wconf 90' lang='lat' dir='ltr'><strong>seu,</strong></span> <span class='ocrx_word' id='word_1_158' title='bbox 787 3405 969 3504; x_wconf 62' lang='lat' dir='ltr'><strong>tragicam,</strong></span> <span class='ocrx_word' id='word_1_159' title='bbox 995 3437 1084 3492; x_wconf 44' lang='lat' dir='ltr'><strong>con·w</strong></span> 
     </span>
     <span class='ocr_line' id='line_1_25' title="bbox 79 3521 1074 3618; baseline 0.024 -24"><span class='ocrx_word' id='word_1_160' title='bbox 79 3521 272 3618; x_wconf 76' lang='lat' dir='ltr'><strong>sequendam</strong></span> <span class='ocrx_word' id='word_1_161' title='bbox 304 3526 554 3602; x_wconf 87' lang='lat' dir='ltr'><strong>accommodata</strong></span> <span class='ocrx_word' id='word_1_162' title='bbox 588 3529 685 3602; x_wconf 86' lang='lat' dir='ltr'><strong>esset.</strong></span> <span class='ocrx_word' id='word_1_163' title='bbox 751 3529 814 3604; x_wconf 90' lang='lat' dir='ltr'><strong>Cui</strong></span> <span class='ocrx_word' id='word_1_164' title='bbox 845 3530 998 3614; x_wconf 88' lang='lat' dir='ltr'><strong>instituto</strong></span> <span class='ocrx_word' id='word_1_165' title='bbox 1011 3563 1074 3618; x_wconf 71' lang='lat' dir='ltr'><strong>‘ne</strong></span> 
     </span>
     <span class='ocr_line' id='line_1_26' title="bbox 80 3647 1075 3758; baseline 0.023 -40"><span class='ocrx_word' id='word_1_166' title='bbox 80 3647 206 3724; x_wconf 84' lang='lat' dir='ltr'><strong>deesset</strong></span> <span class='ocrx_word' id='word_1_167' title='bbox 234 3651 460 3748; x_wconf 82' lang='lat' dir='ltr'><strong>exemplomm</strong></span> <span class='ocrx_word' id='word_1_168' title='bbox 487 3653 607 3750; x_wconf 83' lang='lat' dir='ltr'><strong>copia,</strong></span> <span class='ocrx_word' id='word_1_169' title='bbox 629 3651 813 3746; x_wconf 87' lang='lat' dir='ltr'><strong>Biestems,</strong></span> <span class='ocrx_word' id='word_1_170' title='bbox 838 3657 892 3730; x_wconf 91' lang='lat' dir='ltr'><strong>vir</strong></span> <span class='ocrx_word' id='word_1_171' title='bbox 914 3662 1075 3758; x_wconf 78' lang='lat' dir='ltr'><strong>elegantis</strong></span> 
     </span>
     <span class='ocr_line' id='line_1_27' title="bbox 81 3773 1073 3880; baseline 0.019 -35"><span class='ocrx_word' id='word_1_172' title='bbox 81 3773 245 3852; x_wconf 71' lang='lat' dir='ltr'><strong>doetrinae</strong></span> <span class='ocrx_word' id='word_1_173' title='bbox 260 3778 416 3874; x_wconf 83' lang='lat' dir='ltr'><strong>idemque</strong></span> <span class='ocrx_word' id='word_1_174' title='bbox 442 3778 591 3854; x_wconf 88' lang='lat' dir='ltr'><strong>Zedlizio</strong></span> <span class='ocrx_word' id='word_1_175' title='bbox 610 3779 652 3852; x_wconf 92' lang='lat' dir='ltr'><strong>ab</strong></span> <span class='ocrx_word' id='word_1_176' title='bbox 666 3776 828 3874; x_wconf 85' lang='lat' dir='ltr'><strong>epistolis,</strong></span> <span class='ocrx_word' id='word_1_177' title='bbox 853 3781 913 3856; x_wconf 87' lang='lat' dir='ltr'><strong>hos</strong></span> <span class='ocrx_word' id='word_1_178' title='bbox 931 3805 1073 3880; x_wconf 86' lang='lat' dir='ltr'><strong>quatuor</strong></span> 
     </span>
     <span class='ocr_line' id='line_1_28' title="bbox 80 3876 1072 4001; baseline 0.017 -29"><span class='ocrx_word' id='word_1_179' title='bbox 80 3900 234 4000; x_wconf 79' lang='lat' dir='ltr'><strong>Dialogos</strong></span> <span class='ocrx_word' id='word_1_180' title='bbox 257 3876 376 3978; x_wconf 86' lang='lat' dir='ltr'><strong>edidit.</strong></span> <span class='ocrx_word' id='word_1_181' title='bbox 426 3907 483 3978; x_wconf 88' lang='lat' dir='ltr'><strong>De</strong></span> <span class='ocrx_word' id='word_1_182' title='bbox 500 3905 595 4001; x_wconf 88' lang='lat' dir='ltr'><strong>cujus</strong></span> <span class='ocrx_word' id='word_1_183' title='bbox 616 3902 772 3978; x_wconf 87' lang='lat' dir='ltr'><strong>editionis</strong></span> <span class='ocrx_word' id='word_1_184' title='bbox 785 3904 914 3978; x_wconf 87' lang='lat' dir='ltr'><strong>ratione</strong></span> <span class='ocrx_word' id='word_1_185' title='bbox 932 3897 1072 3988; x_wconf 82' lang='lat' dir='ltr'><strong>fortasse</strong></span> 
     </span>
    </p>
   </div>
   <div class='ocr_carea' id='block_1_3' title="bbox 77 4023 1167 4261">
    <p class='ocr_par' dir='ltr' id='par_1_3' title="bbox 77 4023 1167 4261">
     <span class='ocr_line' id='line_1_29' title="bbox 77 4023 1167 4158; baseline 0.013 -58"><span class='ocrx_word' id='word_1_186' title='bbox 77 4024 137 4102; x_wconf 79' lang='lat' dir='ltr'><strong>alio</strong></span> <span class='ocrx_word' id='word_1_187' title='bbox 163 4047 310 4130; x_wconf 85' lang='lat' dir='ltr'><strong>tempore</strong></span> <span class='ocrx_word' id='word_1_188' title='bbox 338 4027 501 4128; x_wconf 77' lang='lat' dir='ltr'><strong>copiosius</strong></span> <span class='ocrx_word' id='word_1_189' title='bbox 520 4052 738 4129; x_wconf 82' lang='lat' dir='ltr'><strong>exponemus.</strong></span> <span class='ocrx_word' id='word_1_190' title='bbox 789 4031 897 4108; x_wconf 89' lang='lat' dir='ltr'><strong>Nunc</strong></span> <span class='ocrx_word' id='word_1_191' title='bbox 918 4023 1071 4116; x_wconf 82' lang='lat' dir='ltr'><strong>universe</strong></span> <span class='ocrx_word' id='word_1_192' title='bbox 1126 4153 1127 4158; x_wconf 6' lang='grc' dir='ltr'><strong>Ἰ</strong></span> <span class='ocrx_word' id='word_1_193' title='bbox 1163 4058 1167 4066; x_wconf 92' lang='grc'><em>·</em></span> 
     </span>
     <span class='ocr_line' id='line_1_30' title="bbox 429 4153 1124 4261; baseline 0.009 -14"><span class='ocrx_word' id='word_1_194' title='bbox 429 4242 436 4261; x_wconf 79' lang='grc'><em>,</em></span> <span class='ocrx_word' id='word_1_195' title='bbox 550 4153 651 4249; x_wconf 82' lang='lat' dir='ltr'><strong>Hs</strong></span> <span class='ocrx_word' id='word_1_196' title='bbox 699 4191 732 4252; x_wconf 84' lang='grc'><strong>,·</strong></span> <span class='ocrx_word' id='word_1_197' title='bbox 1006 4157 1067 4256; x_wconf 81' lang='lat' dir='ltr'><strong>fis·</strong></span> <span class='ocrx_word' id='word_1_198' title='bbox 1118 4235 1124 4250; x_wconf 87' lang='lat'>.</span> 
     </span>
    </p>
   </div>
   <div class='ocr_carea' id='block_1_4' title="bbox 0 0 1430 5278">
    <p class='ocr_par' dir='ltr' id='par_1_4' title="bbox 0 0 1430 5278">
     <span class='ocr_line' id='line_1_31' title="bbox 0 0 1430 5278; baseline 0 4"><span class='ocrx_word' id='word_1_199' title='bbox 0 0 1430 5278; x_wconf 95' lang='lat' dir='ltr'><strong> </strong></span> 
     </span>
    </p>
   </div>
  </div>
 </body>
</html>
