2858 5280
298 515 378 622 ‘3⁶
516 513 1162 600 rrrsrorrrnrrrs

336 715 455 771 earum
491 713 576 792 qtae
603 690 805 790 supersunt,
840 713 881 768 ac
906 693 1109 790 perditanun
1145 703 1191 776 e'x
1220 704 1342 784 eodem

306 830 310 838 '
338 819 502 916 temporis
525 817 652 915 spatio,
678 815 911 914 Aristophanis
935 819 1140 899 Fabulurunr.

389 943 575 1022 Rationem
599 939 747 1015 criticam
770 941 910 1018 eundern
930 942 1063 1020 secutus
1083 968 1157 1044 ert,
1189 969 1289 1052 qulam
1307 957 1345 1035 in·

340 1070 409 1148 aliis
435 1071 642 1146 Graecorum
659 1068 834 1140 Poetarum
848 1065 1066 1146 editionibus:
1093 1072 1136 1148 de
1159 1078 1248 1174 quit,
1264 1082 1341 1178 quia

339 1191 561 1290 superioribus
591 1187 687 1286 hujus
718 1187 943 1266 Bibliothecae
973 1191 1127 1287 partibor
1153 1201 1289 1280 subinde
1316 1233 1338 1284 a

340 1317 435 1392 nobis
457 1315 584 1397 dilium
604 1333 676 1403 est,
699 1311 744 1386 nil
768 1315 891 1388 attinet
916 1309 982 1390 hdr¹
1002 1318 1080 1395 loco
1106 1325 1261 1403 universe
1281 1355 1340 1408 ex.

340 1465 476 1540 ponere.
527 1439 585 1511 llla
605 1437 718 1534 potius
739 1436 930 1530 videamus,
954 1465 1039 1540 quae
1059 1449 1271 1541 peculiariter
1297 1459 1340 1532 ad

343 1565 604 1663 Aristophanem
634 1559 815 1659 pertinent.
874 1562 983 1660 Igitur
1008 1566 1051 1640 ad
1076 1569 1239 1652 Graecam
1269 1605 1340 1656 orn.

338 1689 477 1794 tionem·
491 1681 729 1759 emendandam
757 1684 909 1762 adhibuit
932 1689 1052 1785 libros,
1084 1713 1153 1769 turn
1177 1700 1340 1796 scriptos,

200 1859 205 1870 ·
339 1829 412 1884 tum
434 1811 560 1885 editos:
587 1809 727 1918 scriptos
754 1805 889 1902 quidem
910 1816 1096 1912 complures
1116 1821 1336 1897 bibliothecae

340 1932 451 2031 regiae
475 1933 657 2021 Parilirrae,
684 1955 787 2038 unum
806 1932 922 2028 suum,
955 1962 1059 2016 unum
1082 1942 1337 2044 Augustarum,

340 2080 483 2156 quotum
504 2061 585 2134 aliur
615 2058 691 2132 alias
712 2055 864 2155 continet
885 2063 1043 2142 rabulas:
1066 2069 1176 2144 editoe
1197 2077 1340 2154 vero&

340 2173 475 2256 veteres
502 2182 697 2282 principes,
729 2183 768 2260 oz
798 2185 946 2261 novitios
977 2194 1186 2292 praecipuos.
1235 2206 1339 2279 Porro

338 2305 635 2382 anirnndverliones
666 2303 954 2410 correctionesque
981 2319 1207 2400 recentiorum
1238 2327 1339 2401 (uiti.

340 2455 478 2522 eorum,
514 2433 681 2526 anesri‚
721 2434 870 2532 Toupii,
903 2437 1145 2537 Valckennrii,
1177 2451 1341 2548 ariorum,

339 2579 380 2630 ac
395 2553 544 2652 priorum
565 2561 789 2656 Interpretunr
797 2559 1174 2664 Editorumque,veluti
1181 2575 1339 2672 Kusterr',

339 2677 579 2756 Hemsterhulii
591 2737 603 2773 ,
628 2685 790 2779 Bentleji,
809 2685 973 2782 Bergleri,
995 2689 1036 2762 ad
1048 2713 1164 2786 portes
1187 2707 1340 2782 vocavit.

339 2807 434 2880 Tum
470 2801 530 2878 suo
566 2803 635 2902 ipse
666 2807 727 2882 usu
760 2807 960 2912 ingenioque
998 2814 1152 2911 plurimas
1167 2805 1174 2814 ’
1191 2831 1340 2917 protulit

340 2925 600 3004 emendationes.
636 2928 753 3028 Arme
771 2955 815 3008 err
834 2935 896 3011 hac
920 2940 1011 3014 tuoth
1032 2941 1200 3024 vanarum
1218 2948 1339 3027 leblio-

318 3077 420 3146 ,num
443 3051 483 3130 dt
505 3055 768 3152 conjecturarum
795 3061 1027 3158 multitudine,
1047 3067 1181 3148 delettu
1202 3075 1340 3174 habito,

339 3179 386 3254 ita
406 3179 579 3256 multosin
602 3183 763 3256 Gneom
782 3187 973 3264 ‘orationem
994 3190 1128 3284 intulit,
1152 3197 1251 3273 ficas
1272 3225 1339 3277 ve·

339 3305 461 3394 riores,
486 3305 730 3402 elegantiores,
763 3312 1058 3414 concinnioresque
1082 3323 1226 3420 vulgatis
1246 3326 1339 3423 judi-

336 3447 440 3503 caret.
489 3429 574 3502 Non
603 3431 776 3509 videamur
797 3437 913 3531 procul
941 3463 961 3512 a
989 3463 1075 3523 vero
1103 3448 1279 3546 aberrare,
1312 3455 1338 3530 fi

239 3587 245 3612 .
337 3575 514 3630 numerum
540 3553 720 3632 ledionum
742 3581 942 3638 mutatamtn
966 3567 1015 3641 ita
1038 3567 1261 3668 definimus,
1297 3601 1337 3654 ut

336 3679 503 3772 dicamus,
529 3683 682 3758 octavam
698 3683 771 3760 fere
788 3709 917 3784 portem
941 3691 1096 3768 versuum
1117 3695 1238 3794 aliquid
1258 3726 1340 3781 mu.

336 3803 472 3878 tationis
497 3805 640 3886 subiisse.
699 3811 777 3918 Qud
810 3812 964 3887 libertate
994 3839 1152 3902 veremur
1176 3847 1220 3900 ne
1251 3851 1338 3926 quo·
1375 3843 1385 3852 “

336 3927 499 4003 rumdani‘
514 3936 780 4028 reprehensiones
798 3935 869 4010 ‚fibi
901 3943 1079 4038 paraverit.
1130 3947 1189 4021 De
1216 3951 1339 4048 quibus

331 4075 395 4134 not
419 4054 554 4154 quidem
578 4077 731 4134 tenemus
754 4081 900 4138 nostram
919 4063 1136 4163 sententiam,
1169 4075 1342 4171 proditam

1230 4179 1352 4272 Parte'
