2844 5250
366 575 437 628 roo
510 533 1314 632 XENOPHON.HIST,G.RAECA.
1411 565 1412 580 Ν

366 723 556 800 thenienses
579 715 840 812 Thrasybulum,
866 735 977 810 eoque
998 713 1198 802 interseeho,
1223 713 1363 811 Iphicra-

364 871 437 922 rem
470 871 547 922 curn
577 839 720 938 imperio
756 842 797 918 nd
834 838 1093 936 Hellespontum
1129 837 1296 914 mittunt:
1330 835 1366 911 dt

364 977 485 1052 multas
510 969 610 1044 urbes
634 969 694 1044 srbi
718 991 797 1040 cum
817 963 1015 1062 subjiciunt,
1040 986 1114 1040 tum
1132 941 1325 1061 adjungunt.

415 1099 487 1205 Qui
510 1112 765 1182 memorantur,
784 1113 833 1197 4,
858 1113 904 1182 9,
930 1069 959 1155 oi
982 1067 1062 1184 arogi
1087 1075 1288 1182 Φιλοκςάτη
1312 1105 1369 1174 μισ

241 1215 243 1220 ’
364 1213 687 1331 σθοφᾶςοι,ΐεηιρετ
701 1227 797 1304 nobis
821 1224 997 1324 negotium
1017 1224 1195 1315 fecerunt,
1219 1225 1268 1299 ita
1284 1223 1369 1300 enim
1411 1259 1412 1316 1

365 1361 504 1459 ponitur
535 1353 731 1434 Philocratis
766 1353 890 1428 nomen
918 1373 1086 1449 tamquam
1118 1349 1195 1428 satis
1224 1369 1368 1441 notum,
1411 1379 1412 1382 ¹

365 1507 405 1564 ut
434 1485 537 1575 inde,
569 1480 627 1578 qui
660 1478 787 1556 fuerint
810 1478 855 1554 illi
886 1475 1109 1567 mercenarii,
1133 1475 1370 1574 significentur.

364 1611 475 1708 Igitur
500 1609 588 1684 haud
615 1604 845 1680 abhorruimus
871 1608 913 1682 ab
938 1629 978 1681 ea
1001 1583 1181 1702 opinione,
1207 1623 1247 1678 ut
1274 1623 1373 1701 puta·
1411 1597 1412 1690 J

362 1757 494 1826 remus,
517 1735 608 1808 illurn
634 1731 840 1808 librariorum
854 1730 981 1806 incuria
998 1747 1109 1804 ortum
1135 1725 1227 1817 esse,
1242 1725 1299 1800 vel
1324 1748 1372 1806 ex.
1411 1717 1412 1782 l

363 1838 582 1958 ’serapnim
622 1856 717 1953 cujus
743 1857 779 1934 in
810 1859 874 1933 hac
912 1852 1130 1954 expeditione
1168 1852 1370 1926 celebratum
1411 1855 1412 1940 l

364 1997 420 2052 cst
448 2001 594 2056 nomen:
627 1985 683 2058 vel
708 2007 752 2059 ex
791 1961 1052 2080 [lousa-geru,
1088 2000 1190 2074 quem
1207 1978 1372 2052 belloCo

364 2103 493 2180 rinthio
514 2108 795 2184 mercenariorum
818 2109 939 2184 ducem
970 2101 1071 2179 fuisse
1092 2103 1221 2180 constat
1237 2127 1283 2180 ex
1305 2105 1371 2178 De·
1411 2089 1412 2144 3

368 2233 547 2309 mosthene
568 2235 652 2314 Phil.
678 2237 718 2326 I,
742 2258 777 2348 p.
805 2253 862 2328 17.
886 2235 933 2312 A.
955 2229 997 2308 ¹&
1013 2229 1372 2327 Harpocratione3V.
1411 2233 1412 2262 ¹

325 2338 625 2506 Nlivinisgcttoc.
1123 2443 1125 2454 Ι

418 2471 461 2544 L.
486 2467 536 2547 V.
560 2471 806 2560 Athenienses,
831 2469 931 2542 rebus
946 2491 1062 2542 eorum
1091 2466 1126 2542 in
1158 2471 1257 2568 pejus
1279 2490 1373 2544 ruen-

372 2593 491 2684 tibus,
525 2622 603 2672 cum
623 2598 719 2694 quod·
742 2593 887 2692 receptis
914 2591 1090 2692 Aeginetis
1123 2595 1301 2696 Teleutias
1324 2594 1376 2668 Pi·

370 2733 486 2787 raeum
502 2715 698 2811 infestaret,
726 2737 799 2794 tum
829 2715 920 2815 quod
946 2739 1061 2792 eorum
1085 2719 1255 2796 classis-ad
1284 2722 1379 2817 Aby-

357 2837 451 2932 dum
476 2859 574 2938 capta
593 2845 736 2920 essetab
758 2843 935 2920 Antalcida
950 2846 1293 2950 Lacedaemoniorum
1313 2848 1376 2923 du·

371 2986 433 3040 ce:
459 2965 683 3048 Athenienses
709 2973 813 3071 igitur
839 2971 1010 3071 accipiunt
1031 2969 1125 3072 pacis
1147 2955 1377 3075 conditiones,

372 3115 454 3189 quas
485 3095 696 3173 Artoxerxes
720 3103 827 3192 Rex,
858 3099 979 3176 eodem
1006 3097 1184 3192 Antalcida
1211 3095 1378 3188 auctore,
1411 3109 1412 3166 l

371 3215 499 3295 dudum
526 3223 761 3322 proposuerat:
786 3247 912 3322 eosque
925 3223 1042 3322 reliqui
1064 3221 1204 3309 Graeci,
1229 3221 1378 3322 exceptis
1411 3215 1412 3296 ζ

372 3345 768 3444 Thebanis,sequuntur.
828 3344 1068 3422 Conditionum
1082 3344 1162 3436 illud
1177 3363 1250 3418 erat
1278 3350 1376 3424 conh-
1411 3385 1412 3392 ¹

371 3471 474 3562 lium,
493 3491 532 3544 ut
546 3473 716 3546 Persauun
732 3471 851 3567 opibus
869 3469 1211 3546 Lacedaemoniorum
1227 3475 1380 3571 potentia
1411 3483 1412 3558 s

372 3615 581 3698 augeretur:
613 3594 738 3671 summa
770 3599 854 3672 haec
883 3616 985 3705 erat,
1017 3613 1057 3672 ut
1086 3593 1209 3672 Graeci
1239 3598 1376 3678 Asiatici
1411 3583 1412 3648 Ῑ

372 3723 435 3800 sub
454 3723 809 3816 Persarumpcedereirt
833 3721 1031 3821 imperium,
1064 3723 1179 3824 reliqui
1202 3747 1320 3807 omnes
1344 3725 1380 3802 li·

373 3851 498 3923 bertari
522 3851 799 3944 restituerentur,
824 3849 983 3946 exceptis
1002 3853 1152 3942 Lemno,
1188 3831 1318 3950 scyro,
1342 3853 1378 3930 dt

368 3977 513 4088 -Imbrp,
547 3959 696 4072 quae‘in
720 3955 977 4050 Athenienfium
1002 3973 1131 4061 ditione
1156 3995 1379 4056 remanerent.

257 4174 260 4180 .
366 4097 478 4203 Igitur
505 4101 763 4180 Lacedaemonii
799 4101 912 4180 denuo
962 4101 1125 4182 Graeciae
1169 4101 1378 4214 dominatum
