2844 5250
147 391 444 504 ‘comuntur
470 425 536 502 nr
561 427 827 512 rnrnrsrtt
852 433 992 514 narr.
1065 453 1116 540 ⁸5

94 605 185 702 Cap.
215 625 273 696 44.
303 621 365 693 57.
402 607 460 693 76.
485 601 624 702 aliisque
648 604 753 696 locis,
790 609 967 712 Coloniam
992 622 1111 716 appel.

94 732 167 808 lant
185 727 401 826 Neapolim,
427 727 673 828 colonicorque
697 731 925 832 Magistratus
955 764 1105 821 comme.

90 879 240 932 morant.
291 851 396 954 Quod
413 849 530 924 facere
551 857 644 964 nullo
669 857 774 934 modu
791 861 928 956 potuit,
961 863 1023 940 nili
1045 867 1105 942 sub
1160 915 1166 924 =
1190 885 1193 892 ’

90 981 261 1058 extremis
291 976 474 1054 Commodi
515 980 753 1074 temporibus,
802 987 922 1082 quibus
971 989 1110 1068 demum
1187 1065 1191 1071 .

92 1105 286 1206 Neapolim
327 1102 499 1178 coloniam
531 1103 656 1182 fallam
689 1111 789 1204 esse,
824 1115 873 1187 cl.
907 1116 1045 1212 Ignarra
1070 1143 1109 1216 p.
1316 1093 1322 1106 ’

99 1255 179 1310 nao.
205 1255 278 1309 tarn
305 1249 463 1306 accurate
481 1229 746 1324 demonstravit,
782 1257 820 1312 ut
857 1237 943 1313 nihil
973 1241 1105 1318 dubita·

96 1357 202 1432 tionis
224 1357 397 1457 superesse
421 1355 588 1434 videatur.
639 1361 799 1460 Denique
815 1364 994 1462 Petronius
1020 1369 1103 1466 Cap.

93 1491 157 1578 7⁶·
201 1459 411 1566 mentionem
451 1484 536 1560 facit
578 1486 854 1583 Mathematici,
896 1493 1104 1590 Serapionis.

97 1607 209 1706 Atqui
229 1609 322 1686 lrunc
342 1611 401 1686 sub
426 1612 605 1688 Antonino
621 1618 790 1692 Caracalla
817 1617 955 1708 vieille,
980 1618 1104 1698 scimur

93 1757 139 1810 ex
160 1735 281 1810 Dione
300 1734 414 1811 Caslio
436 1741 623 1816 LXXVIII
644 1765 679 1837 p.
699 1764 805 1840 1313.
831 1745 1009 1838 Mittimus
1025 1747 1102 1841 alia,

91 1864 214 1964 quibua
239 1865 293 1938 vir
323 1863 532 1940 doetissimur
560 1863 633 1942 usur
645 1887 735 1960 xest,
768 1890 989 1968 argumenta;
1016 1895 1102 1972 quae

28 1971 30 1974 ⁵
95 1989 285 2090 singula&
313 1989 383 2064 sola
405 1969 465 2064 etsr
500 2015 570 2066 non
594 1999 735 2072 multum
760 1981 927 2091 ponderis'
946 1999 1100 2092 habent,

90 2135 206 2192 tamen
230 2116 266 2192 r'n
287 2137 392 2194 unum
416 2117 540 2193 collata
570 2121 767 2198 Petronium
789 2145 833 2198 ex
854 2126 986 2222 optima
1010 2143 1101 2202 acta·

88 2261 144 2335 te,
176 2243 306 2342 inqua
336 2243 437 2318 illum
464 2249 646 2323 Burmanni
676 2251 883 2348 aliorumque
918 2251 1102 2328 admiratio

94 2369 304 2456 collocarat,
339 2365 382 2436 ad
404 2367 493 2442 hanc
525 2371 732 2444 deteriorem
765 2375 868 2480 Iacile
900 2375 1098 2452 detrudunt.

91 2495 154 2568 Sed
175 2511 278 2568 erunt
310 2489 484 2582 fortasse,
521 2491 579 2589 qui
605 2492 741 2587 dicant,
774 2496 852 2570 fieri
879 2521 949 2572 non
972 2501 1072 2596 posse
1085 2553 1100 2593 ,

87 2643 124 2698 ut
141 2619 340 2710 Petronius,
365 2616 424 2715 qui
440 2615 546 2713 vulgo
559 2617 680 2691 Latino
695 2619 805 2712 Siten,
829 2620 855 2696 sr
878 2622 944 2696 Dis
960 2623 1094 2720 placet,

84 2753 295 2850 appellatur,
328 2759 441 2816 aetate
461 2739 589 2814 vixerit
613 2741 650 2816 in
675 2746 863 2824 barbariem
892 2747 1093 2828 inclinante.

82 2877 146 2952 Est
170 2875 249 2950 lane
268 2869 347 2967 'ejus
372 2867 485 2942 oratio
504 2868 768 2968 elegantissima:
795 2873 854 2948 sed
871 2875 991 2950 eadem
1007 2875 1093 2950 mul·

85 3000 134 3078 tn
164 2995 305 3074 maculir
322 2993 509 3095 inquitate.
575 2977 758 3093 Placetriue
790 2999 890 3074 nobit
920 2981 1103 3098 judicium*

82 3120 296 3200 eruditiffimi
320 3127 498 3220 Ignotae,
533 3117 730 3196 Petronium
756 3123 964 3220 elegantiam
986 3127 1100 3207 habe,

80 3276 117 3329 re
137 3253 182 3330 ab
205 3251 333 3327 asfidua
356 3269 510 3326 veterum
542 3241 693 3319 lenione
717 3243 755 3320 dr
778 3247 994 3338 imitatione3
1020 3247 1088 3322 sot·
1163 3279 1169 3294 ·

82 3380 144 3454 der
164 3403 187 3453 a
205 3375 312 3454 seculi
337 3372 566 3472 AntoninIani
591 3371 810 3468 contagione.
862 3373 920 3446 Sic
945 3369 1091 3473 Laetan-=

78 3507 172 3597 tius,
205 3503 359 3604 Scriptor
388 3498 641 3588 disertissrnlus,
671 3497 876 3596 elegantiam
903 3525 923 3576 a
949 3499 1090 3574 Cicero·

2 3683 3 3686 r
75 3619 131 3708 nn
161 3629 274 3707 studio
295 3631 425 3742 traxit,
457 3605 691 3704 barbaritmod
706 3647 750 3700 ex
769 3644 905 3716 aetate,
937 3649 1002 3726 qua
1025 3612 1098 3748 'ris

2 3739 3 3778 ³
75 3761 150 3848 xit,
179 3739 422 3834 Constantini(

121 3886 159 3962 P.
179 3905 263 3976 192.
289 3883 423 3958 erudite
440 3877 667 3970 demonstrat,
685 3877 966 3970 Pinacothecam,
984 3897 1083 3976 quam

2 4063 3 4118 n
70 4005 251 4085 Petroniua
276 4007 361 4106 Cap.
396 4016 454 4106 83.
491 4025 760 4099 commemorat,
792 4028 860 4081 non
882 4003 951 4080 elle
971 4001 1085 4078 diuer-

609 4133 638 4203 F
663 4153 682 4227 3
1020 4125 1091 4204 sam
