2894 5258
148 507 216 621 nn
243 513 454 638 urricus.
481 553 522 625 n.
548 511 612 628 ru
639 505 717 628 nn.
745 511 979 632 ireusrrvu.
1029 521 1079 652 ἑὲ
1176 551 1180 558 ’

73 718 197 796 Iratine
233 719 471 818 interpretatus
505 723 605 814 sum,
645 737 705 816 ut,
741 747 826 823 quae
859 726 981 804 latine
1012 718 1081 806 dici

74 845 170 940 posse
194 865 294 918 nemo
312 863 415 920 antea
444 865 597 944 putarat.
623 865 739 922 nostro
762 847 911 924 sermone
933 852 1078 946 explica·

72 963 165 1044 rein:
200 968 255 1042 sed
282 963 525 1048 &indicendi
548 971 817 1064 exercitatione,
853 987 937 1068 quae
959 975 1080 1048 latina

71 1097 184 1192 lingna
210 1116 369 1169 contenta
395 1096 465 1188 erse
488 1117 642 1193 paterne,
669 1100 817 1214 Gpecos
831 1097 1005 1193 magistros
1022 1101 1079 1176 adss

72 1219 192 1310 bibui,
215 1221 302 1316 apud
321 1231 380 1296 eos'
404 1223 534 1297 Graece
556 1223 763 1312 declamavi,
791 1225 940 1298 Graecos
967 1245 1079 1300 orato·

72 1357 127 1418 res
148 1333 316 1434 imitatus,
335 1369 517 1443 eorumque
546 1347 691 1421 virtutes
719 1348 906 1460 exprimere
938 1335 1078 1454 commi

68 1469 153 1568 sum.
172 1467 265 1544 Vide
278 1474 418 1550 sueton
435 1473 477 1546 de
494 1475 575 1548 Clar.
596 1473 738 1570 Rhetor.
752 1491 782 1548 c
799 1495 841 1550 r
853 1473 945 1550 &a
965 1445 1075 1550 Cicer.

71 1597 170 1670 Brut.
192 1619 257 1684 90:
285 1593 328 1668 de
349 1597 505 1688 Orati,
533 1595 611 1694 343'
719 1681 726 1690 ,

121 1719 162 1790 sn
183 1719 302 1792 dicendi
314 1725 537 1796 exercitatione
553 1719 684 1814 feci,
687 1723 866 1812 Verbum
872 1722 970 1818 fece
985 1699 1077 1818 quotl

70 1843 106 1918 ln
133 1843 193 1918 suo'
226 1843 344 1918 codice
364 1871 435 1924 non
464 1845 589 1944 reperit
622 1849 816 1944 Graevius,
841 1849 984 1960 ideoque
1007 1849 1078 1922 sus·

70 1969 213 2068 paetum
234 1971 348 2064 habuit
360 1999 553 2072 ,nuperJ
522 1973 667 2068 eetlum
690 1967 793 2048 viden
815 1999 835 2047 ι
861 1971 1077 2088 celeberrimo'

17 2105 18 2110 ’
70 2097 174 2186 viro,
199 2099 279 2194 Jac.
299 2095 498 2171 Facciolato.
530 2098 632 2168 N·on
656 2094 751 2169 ausus
773 2096 845 2170 sum
867 2100 938 2194 ejus
962 2121 1078 2202 enem-

70 2211 166 2318 plum
186 2221 295 2338 sequi,
321 2222 409 2320 quod
430 2219 495 2294 id
485 2241 519 2292 tn
545 2218 666 2292 ceteris
691 2187 863 2294 codicibus
890 2195 1076 2312 omnibus,¹

71 2341 138 2419 tc
128 2367 163 2418 rn
187 2347 309 2420 nostris
339 2370 472 2444 quoqne
494 2362 567 2431 est,
591 2343 767 2452 locumque
788 2339 883 2417 suum
909 2347 996 2417 tueri
1014 2371 1076 2442 po·

70 2487 153 2544 tert.¹
205 2469 261 2544 Sic
295 2471 374 2545 illud
399 2471 499 2544 eriam
527 2437 694 2544 abundare
716 2467 852 2542 videtur
876 2449 982 2582 Tunc.
1011 2469 1077 2558 V,
1184 2533 1187 2542 .

73 2586 142 2691 32:
168 2599 220 2672 Ait
238 2575 370 2693 Scythes
390 2581 584 2686 Anaelrorsis
556 2571 705 2692 epotuit
716 2615 773 2690 pro
792 2579 890 2668 nihilo
907 2599 1076 2694 pecuniam

71 2725 209 2824 ciuem·
251 2739 407 2833 nostrates
441 2724 528 2838 philo
544 2723 617 2814 oplo‘
629 2717 774 2823 facere
790 2741 850 2821 oon
878 2701 1121 2820 potuerunti'y

71 2845 165 2920 Insra
183 2809 239 2940 ll,
268 2870 307 2938 1,·
334 2871 367 2942 7.
393 2821 492 2922 Corn.
509 2847 603 2939 Nep.
621 2843 739 2920 Chabr.
755 2813 900 2931 ΙΙΙ,
846 2870 878 2940 3.

121 2975 211 3044 *Sed
223 2975 319 3042 etioor
329 2977 360 3043 in
375 2973 497 3064 dicendi
511 2975 734 3044 exercitatione
738 2971 862 3064 seer
878 2969 947 3042 Gu.
962 2947 1071 3077 quart.

66 3106 167 3172 etiarn
192 3096 330 3204 omittit.
379 3094 569 3192 Eleganter
577 3092 613 3166 id
633 3111 735 3188 atque
757 3113 802 3168 ex
822 3117 916 3198 more
938 3093 1076 3205 Cicero·
1206 3133 1211 3144 ·

67 3225 121 3316 nis
145 3221 257 3293 abesse
281 3195 378 3314 porse
404 3219 505 3293 docet
527 3207 684 3320 patruus
689 3240 783 3293 meus
807 3221 848 3294 ad
868 3191 947 3317 Cap.
960 3243 1013 3316 ,3,
1037 3241 1074 3308 4.

71 3344 146 3440 Hic
168 3339 280 3439 tamen
311 3365 427 3420 contra
454 3345 627 3447 meliorum
651 3333 809 3420 librorum
838 3321 1075 3418 annontatenl

70 3471 114 3547 bil
141 3449 337 3546 mutaiidum
368 3461 513 3546 videtur.
563 3455 718 3547 Verbum
737 3471 823 3568 soei
837 3489 976 3544 tuentur
1001 3491 1074 3558 omq
1158 3542 1162 3552 ,

71 3587 131 3672 nes
155 3594 328 3692 &scripti
357 3561 429 3671 libri
456 3597 495 3670 ὄι
519 3617 653 3672 veteres
676 3583 848 3694 impressr,
887 3617 972 3704 quos
992 3575 1077 3666 mihi

70 3723 251 3818 inspicere
264 3719 418 3829 contigit.
475 3713 681 3796 Memoria
671 3721 773 3821 igitur
807 3718 973 3812 vacillavit
1008 3719 1073 3792 Er·
1166 3717 1173 3734 ⁸

71 3839 259 3923 nestusV.
277 3847 315 3920 C.
336 3869 439 3944 quum
462 3845 641 3922 scriberet
628 3845 766 3942 ‚feci
755 3865 790 3922 tn
812 3842 970 3940 impresso
993 3827 1076 3918 Ma·

72 3961 214 4066 'gonrino
235 3961 388 4046 omissum
412 3970 512 4046 esse.’·'

121 4093 209 4170 Item
228 4093 287 4198 tiles
314 4077 423 4194 cristo
438 4099 670 4200 faciundum.
694 4151 720 4190 ,
743 4101 828 4176 Cum
852 4057 1078 4185 Latinorum

119 4223 190 4322 Vol.
209 4189 260 4302 Il.
284 4225 366 4298 Pers
384 4224 448 4298 W.-
636 4203 672 4302 Ε
985 4175 1078 4317 quei
