2850 5278
179 451 949 618 hnnharorrasnnrvronaa
1023 538 1099 642 reo

78 693 209 804 priore,
242 683 397 774 aornim
418 688 595 780 Anthemii
620 693 665 781 de
682 699 839 808 Spernit
861 714 1096 798 Archimcdeir

77 842 288 926 comparatur
319 847 399 901 cum
431 825 656 927 descriptione
683 833 739 931 Jo.
763 837 918 914 Tzetzae
941 842 977 918 in
998 843 1085 925 Chii.

76 959 112 1031 is
122 1013 132 1046 ,
160 976 229 1052 35,
253 952 311 1050 qui
332 970 462 1028 temere
479 954 776 1038 omniatorbavit.
826 963 867 1038 sn
880 967 1086 1064 posteriore,

70 1095 282 1180 comparatur
306 1075 482 1176 Anthenrii
505 1079 593 1158 ratio
614 1100 693 1160 cnm
720 1087 947 1187 explicatione
968 1093 1085 1189 Vites]-

68 1207 174 1299 lonis,
198 1201 439 1292 Mathematici
466 1225 511 1280 ex
537 1206 660 1287 Seculo
675 1211 788 1288 xm:
813 1213 872 1312 qui
894 1218 999 1296 libror·
1018 1217 1083 1295 de·

73 1355 149 1410 cem
165 1323 288 1408 DeRe
303 1320 431 1430 Optica
443 1321 653 1432 composuit,
663 1353 701 1410 et
715 1335 789 1412 libri
803 1338 915 1438 'quinti
927 1345 1083 1443 proposi·

65 1459 162 1536 tione
188 1469 235 1554 ⁶5
261 1457 308 1532 ita
339 1457 454 1534 retuiit
480 1457 657 1536 Anthemii
684 1458 913 1558 sententiam,
937 1485 978 1542 nt
1000 1487 1079 1544 earn

65 1609 138 1660 non
152 1585 246 1663 recte
260 1583 483 1674 describeret,
507 1601 544 1657 et
560 1607 581 1660 a
599 1585 721 1664 tradita
735 1585 772 1660 in
787 1585 855 1664 hoc
871 1593 1076 1693 Fragmento

61 1707 193 1784 ratione
200 1711 378 1788 aberraret.
402 1707 522 1810 Itaque
534 1726 633 1788 notat
649 1711 789 1808 Editor,
805 1723 1072 1804 nonmirandurn

48 1825 154 1925 esse,
181 1835 363 1914 Cartcsiunr
381 1852 419 1910 et
434 1829 618 1934 Keplerum
634 1835 746 1916 falsam
762 1841 929 1940 judicasse
946 1851 1086 1960 Archi-¹

22 1985 24 1989 ·
47 1961 168 2042 ¹medis
192 1967 377 2054 rationem
403 1951 532 2064 quippe
552 1962 671 2064 quide
695 1987 754 2061 ca,
776 1994 847 2050 non
865 1995 910 2052 ex
931 1975 1067 2058 Anthe-
1148 1961 1151 1974 Δ

58 2088 150 2180 rnio,
174 2088 230 2164 sed
244 2073 294 2165 ex*
309 2089 508 2182 Vitellone,
526 2089 803 2174 existinaverint.
1127 2149 1130 2159 ·

102 2213 156 2287 X.
178 2215 301 2288 Sabor
321 2215 472 2310 quaedam
492 2213 756 2295 THEOCRITI
767 2221 898 2316 sartha.
946 2227 1076 2306 Recen:

43 2339 111 2438 ficit
122 2395 139 2430 ,
160 2339 329 2414 Varirmm
343 2343 447 2413 Notas
461 2335 743 2438 adjecit,suqfque
757 2349 1068 2448 Animadverfioner,

44 2471 174 2565 partim
198 2464 326 2554 harim,
336 2447 458 2557 partim
475 2463 612 2558 Anglice
626 2463 788 2568 scriptas,
798 2475 967 2576 inmiscuit
985 2479 1069 2556 sho-

47 2613 112 2666 mas
132 2585 315 2672 Edwards,
340 2579 376 2659 S.
406 2584 444 2660 Τ.
469 2587 509 2660 Ρ.
533 2589 678 2690 suasum
700 2599 878 2688 {commis
891 2605 1066 2684 Academi·

5 2733 114 2788 aar.
159 2721 194 2793 r.
240 2705 478 2820 Cantabriam·
521 2733 626 2809 1779·
664 2741 768 2822 pagg.
807 2736 890 2824 atr.
945 2727 1068 2832 myrra

38 2830 718 2936 ·sunt‚1,1v,v1,v111,1x,x.
768 2851 1065 2936 Derationeedi.
1162 2838 1165 2854 ’

48 2961 287 3058 tionia,ipsum
307 2961 481 3038 audiamus
498 2961 694 3060 Editorem,
717 2973 1062 3060 „Anirnadversroni-

45 3142 73 3180 „
103 3089 167 3161 bus
190 3085 261 3178 sere
281 3083 441 3183 integris,
466 3087 498 3182 J.
517 3071 551 3182 J'
568 3083 776 3178 Reitkihet
799 3095 865 3174 viri
880 3100 999 3182 sumni
1024 3110 1059 3205 J.

2 3235 3 3238 ‘
43 3267 68 3306 „
100 3209 250 3308 Toupii,
276 3228 312 3286 et
335 3207 463 3284 selectis
482 3206 752 3310 Schohrshrum,
778 3221 963 3322 Stephani,
978 3234 1061 3308 Sca.

40 3392 70 3431 „
92 3337 207 3435 ligeri,
233 3329 438 3424 casauboni,
471 3333 652 3432 Palmerii,
686 3345 839 3444 Heinsri,
872 3355 1058 3452 Wartoni',

41 3518 70 3557 ,‚
96 3461 223 3538 hancce
245 3459 389 3537 nostram
414 3457 598 3536 editionem
621 3461 794 3555 inſtruxi„
822 3475 917 3588 Quas
938 3503 1054 3562 autem

37 3644 63 3684 „
92 3610 139 3662 en
158 3582 419 3682 Heinsio-selegi
439 3583 762 3692 animadversiones,
789 3625 849 3686 eae
871 3608 1054 3692 admodum

39 3769 64 3806 „
88 3713 165 3790 sunt
193 3735 334 3812 paucae,
385 3707 544 3786 Heinsius
570 3718 605 3794 in
631 3712 824 3803 Theocrito
843 3734 1051 3832 ⁴triplicando
1117 3717 1132 3785 s

38 3897 63 3936 ‚,
86 3841 203 3940 paffim
217 3841 369 3916 aberrat:
395 3853 432 3909 et
450 3859 541 3914 nunc
558 3845 687 3923 subtilia
701 3843 852 3954 nimiter
871 3861 1054 3957 exquifira.

40 4022 65 4060 „
93 3989 181 4040 none
206 3963 289 4038 dura
312 3965 409 4062 piane
436 3984 472 4042 et
497 3971 655 4048 contorta
679 3972 976 4088 interpretamenta
1000 3987 1051 4060 le·

40 4144 62 4184 „
88 4087 236 4164 hornus
250 4090 440 4187 propinat.''
471 4097 553 4174 Hoc
563 4095 748 4194 judicium,
770 4107 947 4190 aReiskio
962 4112 1054 4206 sum:

87 4217 424 4304 mssmffl
584 4224 664 4314 12
955 4251 1050 4333 nm
