2858 5280
357 549 431 636 140
489 523 877 614 nntnrrouns
912 515 1266 622 unsvronbs,
1409 515 1410 530 '

360 739 364 746 ·
403 713 487 790 XV.
513 709 630 786 Altera
648 708 830 809 Heyniana
850 705 1155 808 seriptio‚¹pr0dita
1176 711 1349 792 indicendo

316 853 319 860 '
353 835 580 918 anniversario
613 833 881 932 Inaugurationis
916 833 1069 911 festoa.
1107 836 1141 913 d.
1181 863 1226 936 17
1263 845 1348 939 Sept
1410 818 1411 862 ³

356 973 479 1061 1781,
504 961 554 1036 est
574 963 610 1036 de
625 963 804 1038 Animulas
817 955 940 1052 streis,
966 945 1007 1034 'es
1024 963 1210 1041 Heraclius
1220 970 1346 1066 placito,

276 1121 278 1126 ·
356 1097 471 1191 optim
500 1093 542 1166 ad
564 1073 762 1187 sapientiam
795 1079 839 1162 ἔν’
860 1087 1011 1160 virtutem
1025 1089 1217 1228 instrulsis.
1263 1091 1344 1168 Disli

353 1199 608 1298 Hereditei„
643 1190 707 1290 αὕη
744 1187 852 1302 lvxi
891 1188 1087 1295 σοφυτᾶτη
1120 1189 1189 1282 ml
1227 1199 1344 1308 &pff

354 1339 458 1416 dour
493 1337 601 1414 exstat
636 1333 886 1436 explicatioP.
926 1333 1173 1432 Wesselingii‚
1212 1338 1247 1414 in
1274 1337 1343 1414 Obs.

252 1491 254 1498 ·
354 1463 459 1544 misc.
482 1461 565 1538 Crit.
582 1460 664 1538 Vol.
681 1461 732 1535 V.
750 1459 853 1534 Tom.
870 1459 944 1536 111..
950 1485 984 1558 p.
1004 1483 1059 1537 ra.
1095 1462 1225 1564 Neque
1246 1483 1342 1540 tamen

298 1589 301 1596 “
352 1591 466 1668 assum
483 1588 556 1689 egit
573 1585 750 1684 Heynius,
766 1585 824 1681 qui
848 1585 884 1658 in
905 1586 976 1682 ejus
994 1583 1156 1661 interiore
1179 1588 1215 1664 vi
1230 1587 1266 1664 <a
1279 1589 1343 1662 sen·

352 1719 463 1794 neum
479 1709 728 1812 interpretanda
745 1709 894 1786 versatus
916 1729 979 1788 est.
1031 1709 1201 1810 Etprimo
1214 1713 1341 1810 quidem

353 1842 539 1944 prudenter
561 1833 719 1923 monuit,
749 1832 793 1907 ad
814 1836 939 1911 Placita
964 1834 1226 1936 Philosophomm
1248 1833 1337 1909 resse

352 1961 570 2062 intelligenda
607 1957 787 2058 plurimum
829 1959 941 2033 valere
981 1979 1136 2036 accurate
1175 1961 1333 2040 secernere
1412 2040 1413 2122 Ν

354 2087 485 2166 Mum
522 2085 682 2164 Austoris
712 2083 850 2160 asensu
873 2088 1097 2183 posteriorum
1120 2087 1337 2186 Scriptorum,

356 2214 417 2318 qui
439 2214 511 2311 ejus
528 2211 643 2312 placiti
659 2211 835 2288 formulam
864 2210 924 2308 ipsi
946 2211 988 2287 ad
1011 2212 1208 2325 sentensiam
1226 2211 1336 2286 oratio·
1412 2227 1413 2314 q

352 2363 501 2438 nemque
530 2338 622 2415 suam
655 2355 929 2438 converterunt:
971 2359 1112 2438 eamque
1151 2339 1337 2439 diligentiam

218 2489 228 2504 ·
353 2467 460 2566 mapa
482 2463 584 2539 etiam
609 2463 777 2540 Heracliti
794 2461 891 2539 diesis
908 2461 979 2536 esse
993 2463 1230 2554 adhibendam,
1254 2464 1338 2563 quod
1412 2443 1413 2458 ¹

352 2594 385 2674 is
412 2589 594 2688 exprimis
626 2587 693 2662 suit
717 2587 940 2686 Philosophis‚
971 2591 1027 2688 qui
1059 2590 1294 2688 Philosophiam
1322 2613 1341 2664 a

352 2714 500 2794 carmine
515 2711 556 2788 ἅ
571 2713 848 2787 omuonevinela
866 2712 909 2792 ad
930 2713 1064 2791 solutam
1079 2712 1272 2834 prosamque
1288 2717 1345 2790 de·

350 2837 545 2918 ducerent:
579 2835 703 2936 quique
734 2837 820 2912 adeo
848 2839 1009 2936 laboraret
1040 2838 1279 2940 laetareturque
1305 2842 1341 2916 in
1413 2881 1414 2884 κ

223 3070 225 3078 y
350 2959 483 3055 verbis,
506 2985 593 3064 quae
612 2985 682 3038 uon
698 2961 758 3038 nisr
774 2962 881 3042 invita
895 2965 1092 3043 senteutiam
1108 2963 1344 3064 sequebantur:

348 3109 394 3168 ut
417 3092 452 3166 in
471 3090 626 3212 omnibus
650 3089 722 3186 ejus
742 3089 862 3168 aetatis
883 3093 925 3168 ad
950 3096 1124 3170 Platonem
1145 3113 1249 3192 usque
1273 3092 1346 3170 Phi·

350 3214 504 3329 losopbis
522 3217 627 3292 multa
651 3214 777 3292 veteris
799 3217 999 3316 symbolicae
1019 3218 1179 3293 orationis
1196 3237 1344 3318 permy·

351 3342 433 3424 thos
447 3341 487 3418 δι
504 3342 664 3441 apologos
688 3341 863 3437 grassantia
884 3341 1028 3442 vestigia
1038 3399 1047 3428 ,
1057 3341 1164 3442 tropis
1178 3341 1217 3420 ἃ
1231 3343 1346 3448 allego-

194 3502 198 3508 ·
347 3469 410 3552 riis
426 3469 573 3557 variata,
590 3464 883 3560 deprehendimus.
928 3468 974 3542 Et
993 3469 1200 3567 posteriores
1219 3469 1347 3568 quidem

330 3587 542 3694 ‘Scriptores
564 3587 693 3666 dissum
711 3591 790 3666 illud
802 3591 968 3668 Heracliti
984 3595 1027 3670 ad
1045 3593 1154 3672 varias
1171 3595 1344 3680 sententias

350 3719 656 3798 accommodarunt
715 3719 895 3796 Musonius
937 3745 1000 3820 ap..
1022 3723 1118 3799 Stob.
1158 3726 1195 3802 S.
1232 3721 1347 3799 XVII.

270 3941 272 3948 Ι
348 3871 385 3946 p.
408 3855 478 3924 160
501 3845 568 3957 hoc
589 3845 632 3920 ad
661 3845 915 3943 temperantiam
940 3845 1064 3928 cibiae
1090 3865 1198 3947 potus
1221 3845 1347 3938 retulit,

348 3974 474 4075 quippe
495 3974 571 4072 qui,
595 3975 681 4050 male
696 3972 873 4065 corconi,
898 3973 1079 4073 vaporibus
1094 3972 1237 4073 impuris
1257 3992 1348 4044 men·

349 4100 395 4182 tis
417 4098 523 4182 aciem
558 4097 751 4179 retundant.
804 4098 910 4180 Haud
937 4099 1133 4182 dissimiliter
1161 4099 1349 4176 Plutarchus

347 4219 657 4305 inlibroDeEsu
680 4222 817 4319 carnis,
843 4225 890 4302 T.
906 4227 952 4312 ΙΙ,
975 4251 1010 4326 p.
1032 4249 1117 4324 995.
1136 4225 1279 4327 E:,qui
1302 4243 1350 4296 ta·

1281 4369 1353 4430 meu
