2850 5278
270 487 363 579 '113
417 489 798 572 ntunrronns
836 479 1186 560 nnnvronns.

295 672 415 772 gratias
440 689 540 766 agens
565 685 601 738 et
624 663 716 736 srrnul
739 659 949 758 significans,
983 651 1015 726 se
1044 652 1186 728 libenter
1209 654 1300 728 hanc

295 795 502 898 provinciam
527 787 840 886 Schweighaeusero
868 781 1085 870 concedere,
1124 777 1301 880 missurum

190 987 197 1004 .
298 923 400 997 etiam
432 937 588 994 annotata
613 971 623 1005 ,
647 935 732 1010 quae
765 907 944 982 admodum
983 929 1088 1002 pauca
1128 905 1298 996 haberet3

267 1081 276 1158 '.
298 1049 423 1147 quippe
455 1045 744 1140 ingravescentem
777 1031 924 1128 corporis
963 1029 1192 1106 infirmitatem
1223 1057 1297 1106 cunr

301 1176 344 1246 ab
368 1167 490 1244 edendi
513 1159 645 1237 'consilio
662 1157 836 1256 rejecisse,
855 1177 891 1231 et
917 1157 1012 1234 nimis
1033 1157 1134 1230 etiarn
1158 1161 1302 1236 efficaci·

302 1317 355 1370 ter
379 1295 421 1368 de
445 1293 537 1368 vitae
562 1285 729 1376 brevitate
752 1279 969 1357 admonuisse.
1002 1283 1107 1356 Haud
1131 1283 1178 1356 ita
1196 1285 1305 1358 multo

303 1439 383 1519 post
420 1407 639 1510 Musgravius
677 1409 766 1482 diem
812 1403 920 1482 obit'
971 1407 1306 1506 Schweighaeuscrus

306 1545 350 1616 de
374 1541 457 1616 illius
475 1537 641 1616 annotatis
659 1533 700 1604 ad
718 1536 753 1620 T
754 1533 974 1629 ynvhitturn‚
998 1532 1045 1606 V.
1073 1533 1142 1624 CL,
1169 1532 1307 1610 scribit:

248 1731 251 1744 .
307 1669 364 1766 qui
386 1667 585 1767 respondet,
619 1682 733 1733 omnes
758 1655 950 1752 Musgravii
976 1657 1108 1732 schedas
1129 1682 1174 1734 ex
1203 1660 1307 1755 ipsius

306 1793 468 1870 Austoris
492 1789 686 1876 voluntate,
710 1784 811 1882 pardo
832 1801 908 1879 post
924 1783 995 1880 ejus
1014 1785 1142 1860 obitum
1163 1783 1308 1859 flammis

308 1920 446 1995 traditas
486 1913 586 2005 esse,
628 1933 762 2011 praeter
796 1909 1063 2006 paucissrtnasin
1098 1911 1171 2008 ipso
1204 1929 1310 1983 testa-

310 2065 427 2120 mento
453 2041 613 2140 expresso
632 2037 744 2112 verbis
766 2035 990 2132 significatas,
1020 2058 1104 2136 quae
1135 2036 1181 2110 nil
1203 2035 1312 2110 conti·

311 2186 450 2257 nerent,
474 2164 565 2262 quod
587 2166 628 2239 ad
657 2163 848 2262 Appianum
874 2161 1068 2257 pertineret.
1122 2161 1231 2259 Igitur
1253 2163 1311 2236 suo

309 2295 380 2394 ipse
391 2293 507 2366 Marte
519 2313 589 2362 rern
596 2288 802 2386 persecutus,
816 2289 925 2384 plures
944 2286 1044 2360 etianr
1062 2283 1161 2358 libros
1172 2285 1310 2382 scriptos

311 2441 349 2496 er
377 2415 566 2494 Parisrenses
601 2431 637 2485 et
669 2411 826 2502 Italicos,
848 2433 896 2485 ¹et
932 2413 992 2503 alia
1027 2411 1310 2508 interpretationis

315 2543 477 2631 subsidia,
498 2539 538 2610 ad
554 2561 677 2612 novarn
694 2535 876 2608 editionem
893 2536 1128 2612 instituendam
1144 2539 1313 2614 adhibuit:

314 2670 409 2766 cujus
435 2685 496 2760 per
524 2663 581 2734 has
619 2657 888 2733 Exercitationes
918 2661 1085 2758 specimen
1124 2667 1312 2760 proposuit.

314 2797 447 2871 Harum
469 2809 543 2883 pars
568 2807 632 2873 ea,
665 2807 750 2882 quae
771 2781 880 2856 adhuc
896 2785 1047 2880 prodiit,
1080 2788 1133 2862 sex
1156 2789 1309 2864 contine-

312 2886 371 2992 tur
394 2907 614 2988 sectionibus:
640 2909 747 2984 Prima
763 2891 836 2996 est,
861 2909 897 2980 de
912 2911 1044 3006 persona
1067 2935 1096 2990 at
1114 2931 1219 2990 uetare
1243 2922 1313 3014 Ap.

309 3045 414 3147 piani.
462 3031 645 3130 Secunda,
673 3035 886 3124 duratione,
918 3062 1009 3132 quam
1034 3045 1067 3112 in
1096 3037 1317 3135 conscribenda

314 3169 463 3244 Romanu
487 3162 621 3234 historia
635 3157 766 3256 stitutus
790 3179 848 3234 cst.
897 3161 1017 3236 Tertia
1040 3162 1318 3263 continet'serr'em

317 3297 495 3378 librorum,
539 3311 597 3384 per
645 3311 718 3380 quas
749 3287 783 3358 di
811 3281 918 3362 sibura
950 3307 1020 3364 urat
1054 3293 1132 3364 hoec
1170 3293 1318 3368 historia.

320 3421 450 3528 Quarta
464 3412 718 3510 complestitur,
744 3416 875 3488 oliorum
893 3435 1030 3492 veterum
1039 3411 1233 3511 Scriptum
1248 3443 1320 3494 tum

320 3541 497 3639 testimonia
521 3540 557 3611 dc
582 3542 750 3635 Appiano,
791 3559 857 3616 tum
885 3559 1033 3638 excerpta
1061 3543 1195 3635 exejus
1219 3545 1322 3622 libris.

252 3757 255 3768 Ι
322 3665 453 3774 Quinta
476 3664 689 3742 recensentur
715 3669 790 3740 libri
814 3695 854 3743 ex
878 3665 1019 3764 universo
1045 3668 1098 3741 iilo
1121 3685 1208 3762 opere
1232 3668 1322 3744 ludit

312 3795 511 3896 superstites.
563 3795 667 3870 Sexta
690 3791 950 3884 demonstratur,
976 3795 1161 3868 Parthicum
1184 3797 1321 3886 librum,

318 3919 371 4016 qui
395 3919 476 3988 iuter
501 3923 641 4013 Appiani
665 3920 792 4017 scripta
810 3918 942 4012 fertur,
968 3922 1050 3992 ninii
1074 3921 1118 3992 ud
1139 3924 1323 4020 Appianum

317 4044 498 4143 pertinere,
538 4043 569 4114 in
608 4067 695 4138 quem
717 4041 810 4148 salso
837 4045 943 4144 plagii
983 4047 1077 4146 culpa
1111 4049 1229 4123 collata
1266 4043 1319 4134 st.

1240 4169 1318 4254 Nos
