2850 5278
320 507 331 516 .
367 486 436 556 124
483 455 860 536 narnrronns
892 453 1239 536 onrvronne

264 682 267 688 -
362 632 567 732 fpettmset:
602 647 743 726 uterque
766 629 854 705 haud
875 656 939 706 una
957 633 991 707 in
1008 648 1104 730 parte
1129 654 1208 709 cum
1232 633 1354 710 fomae
1380 671 1381 678 ¹

363 781 437 834 tum
457 755 613 832 materiae
636 779 655 829 a
681 755 857 853 scriptoris
879 755 1012 830 consilio
1028 755 1248 848 discesfisset,
1272 761 1352 854 quod

361 885 500 962 subinde
516 883 609 956 aliam
622 882 1025 981 rationemtocorumque
1039 884 1082 956 ab
1097 881 1155 958 illis
1167 879 1249 956 viris
1267 905 1352 978 prae-
1379 933 1382 942 .

362 1009 587 1085 termissorum
610 1008 839 1081 tractationem
864 1005 1054 1104 postularet.
1114 1007 1224 1082 Altera
1251 1010 1353 1098 ratio,
1379 1057 1383 1084 i

364 1134 466 1209 dudda
487 1136 528 1206 ab
549 1133 692 1210 uuuute
710 1131 1000 1230 compendiorum,
1023 1134 1172 1230 pertinet
1184 1131 1225 1206 ad
1241 1155 1353 1208 eorum

362 1261 568 1346 institutum,
594 1262 653 1356 qui
670 1261 830 1359 Logicam
846 1281 913 1332 non
934 1283 978 1332 ex
995 1259 1218 1357 compendiis,
1244 1259 1302 1333 sed
1317 1283 1353 1333 er
1383 1295 1384 1302 κ

366 1383 640 1480 interpretatione
662 1385 908 1460 Socraticorum
930 1383 1167 1482 Dialogorum,
1192 1385 1277 1461 disci
1300 1411 1353 1460 vo·
1384 1439 1385 1442 ,

362 1507 445 1586 lunt.
499 1509 651 1615 Quorum
673 1511 859 1586 institutum
888 1511 1058 1608 Scriptor,
1097 1533 1135 1585 ut
1158 1529 1354 1606 magnopere
1373 1520 1386 1591 't

362 1636 491 1726 laudat,
516 1634 562 1707 ita
581 1633 684 1732 magis
697 1633 739 1706 ad
760 1634 1000 1724 exercendam,
1028 1659 1122 1732 quam
1147 1635 1380 1733 discendamg

363 1764 525 1860 Logicam
544 1761 655 1834 valere
672 1757 812 1856 judicat.
864 1763 1011 1837 Materia
1026 1761 1095 1832 libri
1117 1757 1297 1833 distributa
1314 1775 1355 1830 ert
1376 1748 1387 1843 ζ

363 1886 398 1960 in
425 1903 567 1984 quatuor
590 1904 712 1982 partes.
765 1886 871 1960 Prima
901 1907 953 1960 est
976 1888 1018 1960 de
1041 1889 1138 1962 Vero
1158 1884 1357 1984 generatim,
1376 1914 1388 1966 ·:

263 2049 268 2058 ·
365 2007 854 2099 Enunciationibus,et1deis.
890 2013 1060 2102 Secunda,
1084 2013 1127 2087 de
1149 2011 1358 2087 facultatibus

365 2135 535 2226 hominis,
566 2134 685 2232 quibus
718 2136 862 2210 maxime
891 2136 1084 2212 continetur
1116 2138 1259 2236 Logicae
1290 2137 1388 2213 offis

366 2264 475 2352 cium,
501 2257 703 2356 cognitione
725 2279 761 2333 et
784 2261 964 2337 Oratione:
999 2285 1138 2360 quarum
1163 2243 1278 2353 baec,
1298 2260 1359 2334 sae·

364 2389 440 2484 pius
465 2383 690 2482 praetermissa
712 2387 746 2461 in
764 2385 988 2482 compendiis,
1016 2409 1062 2460 ex
1079 2389 1272 2464 Dialetb'cis
1289 2387 1359 2461 fon·
1390 2435 1391 2442 κ

363 2489 454 2586 tibur
475 2507 633 2595 ducitur,
666 2531 702 2584 et
725 2514 766 2586 ad
792 2513 1035 2588 Granunaticae
1057 2511 1296 2590 institutionem
1313 2537 1361 2586 ac-

365 2631 607 2711 commodatur.
649 2637 715 2710 His
732 2637 858 2712 duabus
872 2635 1038 2734 partibus,
1061 2639 1208 2713 assumtis
1224 2663 1269 2725 ex
1284 2645 1363 2715 Me·
1391 2689 1392 2692 η

365 2757 534 2858 taphyfica
561 2759 730 2852 doctrina,
753 2779 791 2834 et
810 2763 975 2838 substratis
991 2763 1094 2838 veluti
1116 2761 1364 2851 fundamentis,

366 2882 467 2960 tertia
483 2881 713 2979 superstruitur
726 2911 822 2985 pars,
847 2909 997 2986 quaeest
1011 2887 1263 2980 deMethodo,
1288 2913 1367 2987 pro·

367 3009 543 3109 priumque
569 3009 668 3107 ipsius
698 3013 846 3111 Logicae
875 3013 1022 3090 officium
1054 3013 1230 3088 continet:
1269 3013 1363 3108 hujus
1391 3037 1392 3040 ¹

317 3137 325 3146 '
365 3135 498 3212 initium
526 3135 661 3210 ducitur
693 3139 735 3210 ab
763 3137 984 3235 explicatione
1014 3141 1181 3215 variorum
1205 3155 1364 3233 generum

367 3261 554 3355 Methodi,
588 3283 624 3337 et
649 3288 669 3338 a
689 3263 918 3359 disputatione
941 3265 985 3340 de
1011 3265 1110 3340 Nota
1133 3261 1246 3338 Veri:
1281 3283 1364 3356 quae

366 3389 516 3464 doctrina
546 3387 750 3484 potissimum
774 3389 815 3462 ad
849 3391 1016 3468 Veterum
1026 3381 1294 3488 'intelligentiam
1319 3409 1368 3459 re·

366 3513 495 3602 fertur,
519 3533 563 3584 ex
579 3533 761 3611 eorumque
785 3513 935 3591 fontibus
951 3518 1067 3592 hausta
1090 3536 1160 3594 est:
1185 3517 1368 3610 sequuntur

368 3639 492 3738 reliqua
523 3639 593 3735 ejut
619 3639 722 3738 partis
745 3637 882 3736 capita,
915 3643 958 3716 de
979 3645 1170 3721 Verborum
1199 3639 1293 3731 usu',
1329 3639 1369 3711 de

369 3763 601 3855 Definiendo,
647 3751 875 3857 Dividendo,
928 3791 964 3846 et
1008 3766 1286 3869 Argumentando
1337 3770 1368 3841 ir

371 3902 513 3983 utroque
566 3913 689 3987 genere
742 3890 977 3989 Evidentiae,
1031 3894 1285 3974 Mathematico
1333 3919 1370 3972 et

368 4011 504 4104 M0¹³ld
558 4015 686 4126 Quarta
708 4037 784 4114 pars
810 4033 919 4098 totum
946 4021 1035 4102 iilum
1058 4039 1255 4122 apparatum
1277 4047 1373 4099 com·

1274 4169 1375 4248 pontt
