2858 5280
171 467 939 588 niuunuto‘ntts'auuvrouuu
997 537 1110 614 ιη-

65 695 200 772 tempus
223 675 358 773 quidem
386 699 454 750 non
489 676 648 754 defuerit.
699 682 750 752 ln'
768 679 990 776 descriptione
1015 691 1068 765 est'

65 799 262 898 diligentia,
295 805 361 901 qud
385 800 576 876 Emestinae
609 793 797 898 disciplinae
831 805 884 877 vis
916 807 955 882 dc
982 815 1067 888 ratio

63 943 273 1020 exponatur,
309 927 432 1026 quique
456 949 557 1006 verus
586 925 626 1000 lit
658 927 730 1024 ejus
750 929 806 1002 uel
833 931 1063 1012 alumnus.vel

61 1049 223 1122 studiosus
245 1047 482 1146 dignoscatur:
515 1067 566 1124 est
594 1070 730 1146 quoque
751 1053 909 1131 orationis
934 1061 1063 1134 Latini·

58 1195 128 1248 tas:
156 1173 191 1250 in
209 1175 283 1247 toti
305 1175 505 1250 tractatione
528 1167 689 1251 vellemus
711 1179 786 1272 plus
806 1203 928 1278 operae
944 1185 1061 1258 datum

59 1297 146 1370 esset
184 1297 353 1387 deleciui,
392 1297 568 1388 suauitati,
600 1299 838 1397 perspicuitati.
896 1307 1056 1404 Sequitur

54 1421 165 1495 Index
194 1421 350 1495 librorum
375 1422 416 1494 ab
448 1423 603 1519 Ernesto
625 1445 703 1512 cum
725 1421 947 1522 scriptorum,
980 1449 1055 1506 tum

54 1546 249 1637 editorum,
281 1543 409 1644 paginis
444 1544 574 1624 decem.
623 1548 780 1646 Elogium
813 1553 947 1648 publice
976 1553 1055 1628 scri·

49 1691 170 1768 ptum,
201 1671 334 1763 idest,
366 1671 501 1746 nomine
525 1671 729 1748 Academiae
756 1680 797 1748 ab
828 1677 1049 1775 Eloquentiae
1089 1719 1091 1724 ·

49 1797 259 1888 Professore,
283 1775 343 1896 qui
357 1817 409 1872 est
431 1822 507 1872 mos
521 1799 556 1878 in
578 1801 819 1874 Germanorum
838 1801 1049 1878 Academiist

51 1923 121 1998 hoc
145 1921 251 2022 igitur.
278 1918 449 2000 auctorem
478 1925 579 1997 habet
605 1927 800 2022 Augustum
834 1927 1049 2002 Guilielmum

47 2040 242 2125 Emestum,
275 2049 323 2122 Et
342 2069 395 2141 esp
416 2049 496 2122 illud
520 2047 656 2140 quidem
686 2049 721 2132 in
749 2071 824 2124 eam
845 2051 1048 2127 breuitatem

46 2173 276 2263 ooardlatum,
301 2172 367 2268 qua
397 2189 471 2244 tota
501 2171 579 2249 Viri
611 2169 762 2267 cognitio
787 2171 944 2266 explicari
976 2195 1045 2246 non
1166 2227 1170 2232 -

40 2302 219 2396 potuerit:
244 2315 396 2372 ceterum
429 2293 525 2368 nobis
552 2297 755 2390 magnopere
784 2294 930 2388 placuit,
968 2319 1046 2369 cunt
1112 2341 1115 2348 ·

37 2423 232 2496 narratione
258 2422 376 2510 vitae,
412 2437 485 2492 tum
512 2417 699 2521 scriptionis
731 2417 880 2492 bonnae
904 2415 944 2491 dt
968 2441 1047 2514 pru·
1093 2409 1099 2420 “

7 2579 9 2640 4
36 2545 179 2635 denna,
206 2565 278 2650 tum
301 2543 391 2641 quod
413 2545 636 2630 intelleximus
656 2543 828 2648 audioretp
851 2541 1045 2618 adhuc-va·

31 2671 106 2744 lere
123 2659 264 2742 Latinae
285 2667 443 2742 orationis
467 2669 649 2760 semiruto,
675 2667 773 2766 quam
804 2693 882 2744 cum
909 2673 1040 2768 Joanne

33 2797 196 2890 Augusto
215 2791 379 2868 exstinctu
395 2823 412 2865 u
430 2795 493 2888 ir-i,
520 2793 654 2892 quidam
673 2789 829 2868 malevoli
848 2794 961 2869 dicere
984 2795 1039 2869 so·

34 2917 158 2990 lebant.
209 2919 274 3006 Et,
292 2919 560 3017 quandoquidem
590 2921 698 2992 exteri
723 2923 754 3014 J.
784 2923 827 2992 A.
853 2915 1036 2994 Ernestum

33 3043 106 3120 fere
136 3039 309 3116 doetrinae
343 3040 432 3114 larnai
459 3044 496 3118 dt
530 3065 574 3123 ex
610 3042 700 3114 libris
739 3039 838 3113 editis
867 3037 1034 3112 duntaxat

32 3183 296 3264 cognoverunt,
312 3185 468 3262 putamus
489 3191 556 3246 nos
574 3163 661 3240 utile
692 3182 794 3259 atque
822 3181 954 3258 gratum
971 3163 1030 3237 afa·
1164 3208 1168 3216 ·
1194 3185 1197 3196 ·

31 3293 144 3368 llutos
167 3283 384 3382 nostratibus,
415 3283 560 3369 lilibelli
580 3292 690 3378 locos,
716 3289 780 3385 qui·
797 3305 907 3385 partes
936 3289 1031 3362 uitae
1124 3307 1128 3318 ¹
1198 3350 1202 3360 .

30 3417 181 3512 privatae
206 3417 426 3514 publicaeque
449 3415 555 3488 minus
575 3415 680 3512 vulgo
696 3432 793 3488 nutas
808 3410 1029 3506 contineant,

28 3540 62 3616 in
76 3543 253 3640 quemdam
272 3543 425 3624 ‚ordinem
446 3541 596 3615 redadlos
608 3531 845 3640 'exhibeamua
873 3592 897 3628 „
911 3539 1029 3612 Natus

28 3685 78 3740 est
108 3663 331 3758 Tennstadii,
379 3668 414 3742 in
448 3665 629 3764 Thuringis
661 3665 704 3737 Α.
746 3687 848 3758 1707·
893 3661 926 3735 d.
956 3663 1026 3738 th

28 3794 137 3894 Aug„
152 3812 247 3890 patre
266 3795 319 3890 Jo.
344 3792 602 3890 Christophom,
629 3793 663 3864 S.
688 3790 810 3864 Theoi.
836 3767 1022 3878 Dociore,
1102 3785 1107 3796 ’

28 3913 191 3990 Ecclesiae
226 3913 491 3990 Tennstadiensrs
524 3913 709 4004 Antistiae,
742 3911 788 3987 oa.
815 3914 1028 4008 ecclesiarum

30 4037 279 4147 tabularumque.
321 4040 475 4138 epltoru,
524 4059 634 4115 matre
677 4039 852 4116 Catharinit
866 4037 1028 4130 ,dupinii
1066 4115 1070 4124 ,

459 4165 544 4268 Hp
618 4149 622 4158 ’
866 4155 1034 4258 Helleni,-
