2850 5278
127 527 422 620 vetustiss.
447 527 630 624 ortem
648 525 1014 630 PHILOSOPHOR.
1040 565 1091 651 γρ

74 717 295 797 itihmnento
316 727 524 804 mmemnts
547 727 590 790 ut
614 709 662 792 illi
683 711 876 816 Philosophi
900 724 1092 810 nnnhundi

74 845 157 934 snt,
179 839 216 914 hi
237 864 310 918 non
335 838 457 919 item?
491 843 604 942 Atqui
628 863 806 939 veremur,
829 867 875 920 ne
906 847 943 924 in
982 855 1090 933 vetho
1146 853 1152 874 '

76 969 200 1050 salucia
228 967 283 1044 lit.
336 971 455 1065 Nam,
479 971 504 1048 li
529 995 612 1070 prae
634 970 696 1046 illis
728 972 836 1049 trihus
867 975 1092 1076 Antiquiores

75 1095 312 1176 uonhebendi
339 1096 417 1174 sunt
438 1095 655 1196 Philosophi,
688 1098 739 1176 ite
767 1101 902 1178 necilli
931 1121 1000 1180 tres
1034 1107 1094 1184 he«

73 1225 177 1304 hendi
210 1240 312 1298 erunt
349 1221 539 1321 Philosophi
566 1245 650 1322 pne
679 1224 950 1324 posterioribus,
985 1231 1096 1308 veluti

74 1352 235 1444 Platone,
260 1347 465 1440 huntus,
488 1365 527 1422 et
549 1349 642 1443 aliis,
668 1349 729 1448 qui
746 1351 935 1431 accuratius
954 1356 1094 1435 dentum

73 1477 261 1554 dhserendi
295 1472 500 1576 dilgentiam
528 1475 572 1550 nd
601 1475 772 1574 phylietm
803 1477 970 1576 {ationem
1000 1487 1096 1564 edhi-

73 1605 243 1685 buerunt.
289 1603 407 1698 ltaque
426 1599 492 1678 hac
516 1602 554 1678 in
576 1621 674 1701 perte
699 1604 806 1703 grtdu
826 1607 992 1686 differunt
1015 1611 1097 1688 Phi·

70 1725 234 1825 losophi,
266 1749 338 1804 non
367 1748 507 1824 genere.
571 1729 637 1804 Est
670 1731 763 1807 enim
791 1733 1013 1836 Philosophus
1038 1739 1070 1816 is
1082 1793 1097 1832 ,

72 1853 131 1952 qui
153 1877 211 1930 res
234 1855 368 1932 divinas
390 1854 620 1952 humanasque
644 1856 792 1955 exquirit
815 1861 917 1938 etad
945 1863 1097 1940 rationo·

72 1979 216 2080 exigit:
248 1981 319 2059 five
341 1983 400 2058 has
422 1981 571 2056 rationes
596 1984 770 2082 corporeis
782 1983 984 2086 imaginihus
998 2011 1098 2065 corn»

70 2104 265 2203 plesiano,
290 2109 381 2204 quod
399 2109 515 2182 solent·
528 2109 679 2182 Poetae:
703 2107 775 2184 five
795 2133 855 2186 ees
877 2131 922 2186 ex
938 2113 1101 2190 interiore

72 2251 197 2308 natura
213 2232 379 2332 repetitas
392 2232 543 2332 pedestri
555 2256 596 2308 ac
606 2231 747 2330 simplici
757 2235 911 2312 oratione
926 2241 1101 2318 enunciet.

74 2355 198 2457 Atqui,
218 2377 258 2435 ut
268 2359 382 2436 omnis
395 2359 571 2434 hominurn
585 2357 768 2457 cognition
783 2359 929 2439 sentibus
944 2365 1098 2464 corporis

76 2483 329 2582 proficiscitur,
355 2483 404 2562 ita
425 2484 462 2561 in
480 2485 636 2560 omnibus
650 2483 810 2582 gentibus
831 2487 931 2584 primi
950 2487 1102 2564 Philoso-

74 2608 476 2706 phisuenrntPoitne3
510 2633 588 2688 cum
613 2607 757 2682 ohalias
783 2611 930 2708 caussis,
963 2611 1097 2690 nimiu

73 2739 191 2836 primis
212 2755 398 2840 propterea
422 2737 514 2838 quod
533 2737 718 2812 Poetarum
737 2735 918 2816 artificium
937 2739 1098 2838 proxime

73 2864 300 2964 conjunttum
315 2882 369 2938 est
387 2859 633 2939 consensuum
652 2863 780 2945 officio.
829 2865 935 2976 Quod
949 2867 975 2944 li
990 2889 1097 2966 porro

72 2985 219 3062 historia
248 2987 478 3089 Philosophiae
507 2989 550 3064 ad
579 2989 708 3086 ingenii
738 2983 890 3063 hanins
918 2989 1098 3070 referende

70 3127 158 3204 est,
191 3131 296 3186 nemo
318 3135 431 3194 eorum
450 3113 576 3216 negligi
594 3113 717 3205 dehet,
740 3113 800 3209 qui
813 3113 957 3212 aliqonn
971 3109 1096 3189 unum

73 3237 376 3343 doc‘trinnrumque
404 3260 536 3341 partem
564 3237 774 3328 untiarunt3
796 3238 987 3335 quornagis
1012 3234 1099 3312 illitu
1243 3243 1246 3250 '

74 3363 184 3442 studii
194 3365 395 3444 incunabula
410 3387 447 3442 et
460 3367 669 3442 incrementa
687 3360 947 3461 cognoscentur.
981 3363 1051 3452 Et,
1073 3359 1100 3436 fi

71 3493 116 3572 in
136 3492 256 3592 primis
281 3494 446 3570 Graeciae
466 3491 672 3590 Philosophis
696 3504 892 3564 numeretur
918 3487 1101 3586 Orpheus,

74 3621 253 3700 addantur
273 3619 307 3694 ei
329 3621 385 3696 alii
406 3645 477 3697 non
494 3620 600 3719 magis
623 3617 763 3695 fshulofi
781 3615 944 3707 nominis,
969 3615 1100 3694 Darde·

78 3770 170 3839 nus,
195 3747 393 3846 Atnphion,
417 3749 601 3840 Monens,
624 3745 752 3823 Linus:
775 3742 942 3820 addeum
965 3743 1103 3818 Hosne·

78 3875 372 3968 rus,Hefiodus,
397 3873 504 3952 etalii
520 3869 800 3973 Theogoniortun
813 3865 1007 3964 scriptores.
1029 3871 1107 3948 Ve-

78 4017 163 4074 rum
185 3999 296 4095 eninr,
320 4023 425 4099 quum
447 4001 522 4078 telis
537 3997 720 4099 descriptio
731 3995 979 4074 vetustisfflnae
995 3999 1104 4074 Grae·

80 4149 209 4206 corum
231 4125 470 4226 Philosophiae
498 4123 600 4204 usius
621 4141 757 4224 peteret
771 4147 873 4228 qtntn
896 4122 1109 4222 proAutlo·
