2858 5280
104 450 932 588 ‘autumnans'narvroana
985 515 1069 610 ag,-
1237 435 1245 464 ’

68 685 182 772 ltaliae
214 705 271 757 ean
302 675 606 776 mintirsubjicere
641 675 682 756 dt
711 677 1070 777 poetaithdebuitb

69 817 193 919 quippe
210 830 297 911 quae
318 801 531 880 habitabatur
544 805 587 878 ab
614 801 707 879 omni
727 803 807 881 inde
824 806 986 884 memor'm
1002 795 1073 897 Coa

27 949 32 956 '
68 940 164 1021 loniis
179 935 374 1022 Ausonum,
400 931 643 1022 Etruscorum,
659 913 945 1028 abasgorum&
965 934 1078 1011 Grae.-

70 1088 210 1145 curum:
235 1059 371 1137 Latium
403 1057 508 1134 XXX
533 1053 680 1132 Coloniir
699 1051 810 1134 Arbae
832 1063 1074 1160 longaeerat

69 1193 342 1293 frequentatum
367 1203 439 1260 erat
460 1181 549 1258 ini'n
568 1179 638 1280 ipsa
652 1181 776 1274 Roma.
815 1187 1074 1290 Fueruntquoa
1223 1245 1226 1251 .

69 1341 135 1419 que
157 1315 313 1405 murtae,
336 1333 423 1410 quae
438 1308 674 1401 difficultates,
698 1308 819 1406 quibua
841 1329 958 1388 nnana
979 1331 1074 1394 aeta}

70 1443 105 1520 in
128 1437 370 1518 comutuendir
389 1436 538 1514 Coloniis
559 1435 746 1536 premitur,
770 1437 937 1515 tollerent
976 1441 1074 1522 Nina

70 1570 162 1649 enim
181 1565 236 1642 illo
256 1583 410 1662 tempore
420 1559 468 1636 de
488 1565 652 1638 Mercatu
666 1561 706 1638 dr
722 1561 975 1662 Navigatione,
990 1585 1075 1664 ope·

68 1719 180 1773 rarum
205 1693 377 1786 &rerum
402 1683 914 1788 commerciia‚inttrceptione
945 1689 1074 1767 &oce

70 1817 278 1919 copatione,
303 1835 376 1892 erat
395 1811 618 1890 abnuendum.
668 1815 831 1891 ldberum
853 1794 926 1892 erat
946 1840 1076 1894 mercen

69 1964 189 2044 petere
213 1963 274 2018 aut
301 1943 458 2032 mittere,
490 1938 581 2015 unde
607 1939 647 2016 dt
679 1965 747 2038 quo
775 1941 916 2038 quiaque
941 1947 1075 2038 vellet3

69 2070 153 2146 nihil
168 2071 254 2144 haec
273 2067 376 2167 Reip.
399 2069 443 2142 ab
466 2065 559 2140 omni
582 2064 861 2140 commerciorum
875 2067 937 2142 usu
953 2069 1080 2146 abente

65 2196 276 2270 intererantr
298 2187 590 2278 fianterfimsent
614 2185 751 2284 ipsares
766 2189 955 2285 docu'mset,
978 2193 1080 2270 Colo·

66 2323 202 2396 niarnm
217 2319 289 2416 jura
313 2317 349 2390 in
366 2315 418 2390 his
436 2334 572 2414 quoque
599 2311 880 2393 circumscribere.
930 2319 1078 2402 Namin

64 2443 221 2520 utilitate
239 2441 297 2516 sut
314 2437 543 2540 perspicienda
560 2457 662 2514 acute
682 2441 824 2542 quiaque
842 2441 942 2518 facile
957 2445 1078 2538 videta

64 2565 281 2642 caecutitnua
314 2564 388 2639 fere
427 2565 461 2640 in
501 2583 542 2638 ea
574 2587 653 2638 cum
684 2567 824 2643 aliorum
855 2568 1003 2644 utilitate
1038 2569 1082 2648 ad

63 2675 278 2788 aequitatem
298 2689 530 2787 comparanda.
584 2689 762 2764 Numerus
788 2693 994 2806 colonorum
1015 2695 1086 2792 pri-

64 2820 132 2898 mia
158 2817 275 2892 seculis
300 2814 480 2890 admodum
503 2834 577 2889 erat
604 2815 776 2915 exiguus,
808 2812 848 2890 dt
874 2817 945 2914 agri
959 2819 1080 2916 jugeru

67 2965 180 3044 pauca
206 2941 339 3040 sangulia
365 2939 552 3036 adfignata:
579 2939 677 3034 hujus
706 2937 840 3035 generis
867 2939 1078 3042 Coloniarin

69 3067 236 3166 obsequio
261 3065 427 3154 retinere,
459 3083 529 3138 non
556 3061 643 3136 adeo
677 3057 814 3138 difficile
841 3061 916 3138 esse
936 3063 1085 3162 potuit,v

69 3217 150 3270 cum
168 3193 255 3266 intra
280 3187 392 3264 ltaliae
413 3188 498 3264 fines
524 3189 728 3262 haberentur
755 3207 881 3262 omnes.
930 3189 986 3265 Ex
1009 3216 1079 3292 quo

66 3343 158 3395 vero
183 3315 377 3404 validiores,
403 3311 443 3391 δι
467 3336 608 3390 numero
626 3311 759 3389 civium
777 3312 993 3414 &jugerum
1008 3315 1079 3410 fro,

69 3439 268 3545 quenta'orer
300 3441 457 3516 Coloniae
489 3439 637 3514 educere
666 3437 821 3536 placuit,
861 3439 939 3516 satis
964 3443 1080 3519 firmae

65 3574 136 3671 jaro
154 3587 234 3642 tum
255 3585 350 3642 erant
372 3588 425 3640 rer
438 3567 624 3640 Romanae.
663 3565 757 3640 Mox
780 3567 924 3642 Senatus
942 3567 1080 3648 alienior

53 3697 112 3770 'ab
138 3695 208 3769 boc
233 3689 388 3768 instituto
417 3689 534 3764 visus:
566 3710 632 3764 nec
656 3689 857 3781 immeritor
892 3715 962 3768 non
986 3695 1086 3778 en'un·

66 3819 275 3920 suppetebat
299 3837 378 3913 ager
400 3813 435 3888 in
459 3811 580 3903 Italia,
603 3813 662 3889 nr'sr
681 3815 837 3912 publicus
860 3839 901 3890 ac
925 3819 1080 3920 vestiga·

68 3947 131 4026 lis:
157 3969 227 4044 quo
247 3963 310 4040 per
334 3943 444 4039 Leges
471 3939 628 4037 Agrariar
656 3939 915 4034 Gracchanum,
951 3939 1079 4037 Drufi,

69 4071 240 4162 Caesaris,
265 4071 389 4164 Remp.
420 4065 543 4163 privari
569 4089 669 4166 aegre
695 4065 835 4143 ferebat.
878 4061 986 4144 nitra
1011 4071 1082 4146 Ita·

71 4200 154 4286 liam
189 4191 344 4274 edonias
376 4191 563 4316 deducere,
598 4192 622 4266 fi
652 4193 769 4291 Aquas
793 4191 925 4272 sernas
956 4193 1004 4273 V.
1039 4197 1080 4274 C.

553 4317 620 4410 15
987 4327 1080 4416 629,
