2850 5278
67 447 305 534 ιιιιιιιι
318 446 390 529 nn
404 449 548 532 neoc.
562 451 642 533 nn.
657 452 686 533 1.
704 452 752 537 o.
774 457 1004 550 scuuntn.
1028 491 1076 570 ,3

371 770 375 778 ·
517 751 750 914 vu„

62 1074 398 1162 AHMH'TPIOT
431 1067 512 1189 nugi
537 1067 735 1191 Egplttiat
766 1070 918 1179 Btldldor.
983 1079 1082 1172 DEss

45 1245 52 1262 ·
121 1201 328 1292 METRII
351 1203 394 1289 de
417 1205 625 1292 Elocutione
650 1205 781 1294 Liber.
817 1203 973 1295 Curauit
997 1212 1081 1322 Jo·
1133 1211 1138 1226 “

124 1343 316 1432 ΗΑΝΝ.
349 1347 629 1432 GO.TTLOB
662 1347 1003 1436 SCHNEIDER.
1039 1355 1079 1438 8

122 1485 375 1596 aldenburgi,
407 1513 452 1572 ax
465 1449 655 1600 bibliopolio
684 1491 885 1576 Richterio.
923 1513 1045 1600 1779.

62 1753 263 1873 Libellus,
287 1801 486 1880 quamquam
501 1799 571 1858 non
590 1803 636 1858 ex
656 1784 752 1880 ejus,
778 1785 875 1884 cujus
888 1779 995 1878 vulgo
1008 1777 1079 1856 fer·

62 1923 145 1997 tur,
172 1905 352 1981 Demetrii·
368 1907 518 1982 Phalerei
547 1907 722 2008 profedus
743 1927 796 1984 est
825 1907 959 2006 capitali
980 1907 1078 2004 inge·

57 2029 142 2120 nio,
173 2030 271 2104 valde
294 2051 404 2107 umen
429 2051 483 2106 est
509 2033 812 2122 commendandus,
843 2054 921 2104 cum
946 2055 1077 2128 aptae·

60 2175 243 2253 ceptorum
269 2157 441 2258 diligentia
463 2178 501 2232 et
525 2161 712 2250 brevitate,
737 2177 811 2232 tum
835 2159 878 2232 ab
903 2159 1078 2256 exemplo·

59 2303 130 2357 turn
156 2279 330 2358 suavitate
354 2307 395 2358 ac
415 2285 605 2374 varietate3
638 2302 678 2375 ut
700 2283 790 2360 baud
806 2307 923 2380 parum
946 2283 1076 2379 gratiae

60 2407 149 2504 apud
171 2405 392 2505 elegantioris
414 2405 589 2482 dodltinae
609 2405 770 2484 studiosos
790 2407 900 2484 iniisse
919 2409 1075 2484 videatur

62 2533 287 2612 Schneiderus
313 2533 362 2609 V.
390 2529 449 2624 Cl,
485 2531 541 2630 qui
565 2553 642 2607 eum
664 2556 761 2610 novo
789 2533 884 2608 cultu
911 2550 949 2608 et
973 2551 1076 2632 typo·
1148 2534 1155 2546 ’

61 2661 222 2760 gnphico
243 2674 281 2730 et
309 2655 431 2732 critico
452 2675 607 2734 ornatum
636 2659 750 2734 denuo
778 2657 898 2736 edidit.
957 2658 1075 2761 Hujus

60 2783 172 2860 critici
191 2783 301 2857 cultus
319 2803 407 2881 quae
428 2781 469 2856 fit
493 2783 546 2858 vis
571 2803 607 2858 et
631 2784 718 2858 ratio
739 2783 980 2884 spestabimut,
1005 2783 1076 2882 pri·

58 2936 155 2989 mum
185 2931 233 2982 ex
259 2907 465 3002 praefatione
494 2907 673 2998 Editoris.
702 2928 782 2986 tutn
811 2911 993 3034 praecipue
1026 2931 1073 2984 ex

59 3042 154 3140 eJ'us
150 3030 519 3113 Animadverfionibus.

108 3163 226 3263 Igitur
251 3161 362 3272 priore
383 3159 600 3268 praefationis
622 3175 721 3260 parte
749 3156 940 3255 disputatur
967 3153 1011 3228 de
1032 3153 1072 3228 h

58 3293 141 3370 belli
157 3287 325 3366 duetore:
342 3288 420 3396 qui,
436 3307 515 3360 cum
531 3283 601 3359 aliis
616 3283 863 3379 Intetpretibus
878 3305 923 3358 ex
937 3279 1072 3356 senten·

57 3417 106 3493 tia
131 3415 289 3508 Mureti,
327 3412 486 3490 statuitur
517 3409 619 3485 fuisse
638 3389 837 3484 Demettius
871 3400 1072 3488 Alexandii·

57 3563 142 3634 nus,
174 3539 271 3637 cujus
296 3559 444 3616 aetatem
466 3539 502 3613 in
528 3535 643 3612 Marci
662 3535 832 3612 Antonini
851 3551 1005 3628 tempora
1019 3548 1073 3600 re·

59 3666 135 3740 tulit
168 3665 241 3746 Th.
274 3669 408 3746 Galeus.
468 3661 655 3740 Posteriore
685 3679 782 3762 parte
813 3657 996 3755 exponitur
1020 3654 1071 3730 de

59 3790 222 3883 tunnulis,
223 3815 337 3910 quae
361 3793 505 3868 adhunc
524 3788 707 3862 editionem
729 3782 877 3862 adhibita
894 3781 982 3862 sunt.
1028 3785 1070 3860 In

60 3915 107 3990 his
121 3915 262 4015 scriptus
276 3917 414 4018 quidem
431 3919 514 3997 liber
529 3915 660 4003 nullus,
685 3927 838 3986 ceterum
852 3909 936 3988 editi
953 3931 1070 3986 omnes
1236 3937 1242 3948 ·

64 4041 144 4123 sunt.
197 4044 314 4122 Caselii
336 4065 471 4174 quoque
493 4041 576 4118 liber
592 4038 637 4115 de
655 4037 874 4135 Eloquentia,
897 4039 1071 4114 Phalereus

430 4229 432 4234 .
908 4199 912 4207 ·
1017 4156 1069 4234 in·
