2850 5278
211 489 307 574 so.
347 453 609 574 socrat.
648 491 923 571 atrout.
988 437 1090 596 '57·

60 669 211 754 nollrarn
234 667 476 766 ignorantiam,
508 691 577 744 non
597 665 632 744 in
649 627 797 742 Editdris
814 668 1075 768 negligentiam,
1155 729 1161 740 .
1184 713 1186 724 ν

65 796 338 894 conjiciebamus.
391 797 471 874 Hae
494 791 598 890 igitur
621 793 786 870 editiones
801 793 826 870 fi
840 793 921 892 quid
936 817 1075 876 annota-

65 924 164 1003 tionis
173 943 234 1002 aut
244 917 531 1016 interpretationis
546 918 914 1011 habuissent‚studium
928 921 1076 1002 nollrum
1129 916 1145 936 “
1233 921 1237 934 ’

62 1073 129 1129 non
153 1051 215 1130 diu
238 1048 364 1125 elusum
388 1063 490 1144 atque
517 1047 722 1124 retardatum
747 1069 838 1124 varro
861 1047 993 1140 labore,
1019 1051 1076 1130 sed

42 1163 46 1174 ¹
62 1177 217 1255 celeriori
227 1170 486 1274 jucundiorique
499 1171 675 1274 progressu
689 1171 826 1248 aunum
843 1193 946 1272 atque
961 1175 1077 1254 incen-

62 1301 136 1382 surn
160 1301 290 1380 fuisset.
339 1302 478 1394 Itaque,
504 1317 544 1376 ut
565 1297 721 1378 volumus
745 1296 891 1376 tironem
912 1300 1103 1380 continuo‘·

62 1429 105 1508 ad
127 1429 233 1527 ipsam
258 1423 418 1502 nonoris
440 1423 694 1522 intelligentiam
710 1425 939 1519 contendere,
961 1453 1073 1528 neque

61 1553 211 1631 innotis
230 1553 401 1642 oberrare,
425 1573 536 1646 neque
556 1552 760 1630 editionibus
780 1552 832 1634 uti
847 1555 934 1650 larga
950 1555 1075 1632 doetri-

59 1703 129 1760 nae
153 1679 250 1776 copia
270 1677 455 1768 insttustis3
480 1679 528 1752 ita
545 1679 719 1771 nolumus,
743 1677 778 1760 in
801 1703 917 1756 manus
937 1683 969 1756 ei
988 1683 1076 1762 tradi

61 1807 239 1904 exempla,
258 1805 292 1880 in
308 1807 430 1904 quibus
446 1805 492 1886 nil
507 1807 547 1884 sit
563 1805 798 1884 admonitionis
817 1808 861 1882 de
877 1807 1075 1904 corruptelis
1116 1809 1122 1818 '
1170 1825 1173 1842 ·

58 1933 199 2030 aliisque
216 1932 478 2012 difficultatibus.
529 1933 612 2042 Quo
629 1934 734 2033 magis
754 1933 932 2032 probamus¹
949 1935 1075 2030 Bipon·

59 2061 216 2136 tinorum
240 2057 447 2151 irtstitutum,
472 2060 682 2156 quialiquot
699 2061 768 2156 jam
786 2079 921 2132 veteres
942 2061 1075 2134 Audio·

58 2209 115 2259 res
137 2205 295 2262 accurata
324 2184 549 2279 descriptione
579 2185 840 2283 repetiverunt,
875 2208 918 2258 eo
940 2183 1076 2278 quidem

62 2309 220 2402 confdio3
246 2330 287 2386 ut
313 2311 469 2406 exempla
495 2329 531 2382 et
560 2309 715 2407 parabilia
742 2312 851 2386 essent
875 2335 983 2408 parvo
1000 2335 1077 2408 pre-

59 2437 135 2528 tio,
169 2457 205 2510 et
247 2434 420 2508 brevitate
450 2434 677 2511 annotationis
707 2436 801 2510 utilia
825 2433 869 2507 ad
891 2423 1077 2530 intelligen-

64 2565 144 2636 tiam
174 2562 336 2637 tironum.
399 2561 487 2634 Sunt
518 2584 602 2635 uero
629 2561 728 2658 hujus
750 2559 894 2636 instituti
923 2561 1077 2636 auflores

61 2713 165 2788 atque
179 2688 321 2786 opifices
335 2685 481 2760 cumalii
498 2685 632 2782 quidam
652 2685 825 2784 Bipontini
845 2687 1077 2779 Professores,
1171 2765 1173 2770 ,

63 2838 139 2894 tum
177 2817 334 2912 princeps
373 2815 417 2888 G.
451 2813 657 2892 Christianus
685 2810 847 2908 Crollius.
920 2817 1094 2925 Quorum

61 2968 171 3042 opera
184 2963 225 3016 ut
239 2939 331 3012 redte
352 2939 544 3031 censeatur,
564 2937 782 3036 spectandum
796 2959 848 3012 est
865 2927 931 3032 qua
945 2944 1078 3018 ratione
1152 2933 1157 2953 '

51 3091 188 3173 -quove
221 3063 323 3138 modo
346 3062 569 3140 satisfecerint
600 3062 773 3169 propolito
801 3061 956 3136 consilio:
984 3063 1077 3161 quod
1116 3127 1119 3149 ,

59 3223 129 3276 nos
152 3197 190 3271 in
216 3192 341 3270 Tacito
362 3189 612 3292 spectabimus,
650 3211 670 3261 a
699 3209 769 3282 quo
800 3183 925 3260 edendi
946 3185 1076 3280 faflurn

65 3341 120 3396 est
141 3322 288 3398 initium.

116 3448 262 3523 Primum
284 3447 388 3546 igitur
414 3447 449 3524 in
471 3445 681 3545 praefatione
701 3434 841 3516 Crollius
865 3437 1008 3538 exponit
1034 3437 1078 3512 de

63 3573 156 3664 fide,
183 3576 404 3663 auflorrtate,
430 3593 467 3646 et
483 3571 553 3653 aliis
570 3567 737 3644 historicis
764 3563 883 3638 Taciti
907 3565 1076 3654 laudibus3
1131 3577 1135 3588 '

62 3722 197 3794 porro,
230 3698 339 3774 studia
368 3707 447 3799 erga
477 3721 555 3772 eum
580 3691 784 3795 posteritatis
809 3712 871 3788 per
887 3703 1078 3784 temporum

60 3825 181 3900 seriem
198 3824 351 3922 jucunda
373 3823 541 3902 brevitate
561 3817 763 3924 perstringit.
813 3818 860 3890 Et
884 3815 981 3890 nobis
1005 3815 1079 3914 qui·

60 3955 162 4042 dem,
186 3951 246 4048 qui
266 3951 414 4049 primurn
439 3971 483 4024 err
505 3948 569 4023 hac
589 3939 800 4044 praefatione
820 3941 977 4014 Crollium
997 3963 1080 4038 cog3

60 4079 247 4170 novimus,
288 4075 416 4175 placuit
446 4097 482 4150 et
510 4067 691 4174 prudentia
721 4066 859 4150 rationis
886 4085 923 4142 et
947 4063 1078 4140 bonitas

542 4199 579 4272 D
603 4217 627 4290 5
1004 4205 1079 4262 ora·
