2858 5280
334 497 406 576 nr
461 445 849 562 nnnarronns
880 445 1230 556 annviouns.

331 671 483 752 firmum,
499 661 685 758 vegetum,
700 651 893 730 valetudine
908 649 1068 750 prosperi
1093 675 1133 726 ac
1151 649 1229 726 sere
1247 655 1343 734 inos-

329 783 440 880 iensa,
472 807 571 883 quam
598 781 641 858 ad
666 779 941 880 septuagefimum
969 801 1076 875 usque
1100 799 1224 855 aunum
1250 783 1340 864 mira

328 911 554 1012 diligentiltac
567 907 789 1006 temperantia
802 907 1025 982 consonavit.
1050 908 1092 980 ln
1108 906 1225 1004 primia
1239 907 1341 984 sron.
1417 965 1418 968 t

283 1069 289 1080 ·
329 1060 397 1132 te,
434 1061 520 1136 quae
549 1035 689 1112 mixtam
718 1032 883 1108 hilaritate
908 1033 1124 1108 severitatem
1156 1055 1199 1107 ac
1224 1056 1338 1130 pame

329 1157 564 1240 austeritatem
600 1160 774 1250 referret,
822 1157 951 1234 animus
996 1163 1135 1256 patebat
1174 1159 1334 1233 seriorum

308 1279 468 1378 'amaon
492 1287 639 1364 amabilia
669 1281 761 1382 ipse,
791 1281 848 1358 sed
871 1285 978 1359 multo
1003 1286 1175 1362 amabilior
1194 1275 1336 1381 propter

326 1413 599 1504 humanitatemr
641 1409 865 1502 facilitatem,
904 1408 1004 1486 etiam
1037 1411 1266 1486 fodaimtem
1293 1431 1335 1483 ac

330 1531 411 1613 'sales
432 1551 514 1614 vere
541 1534 733 1626 Tullianos,
757 1547 935 1635 numquam
959 1563 979 1612 a
1001 1536 1168 1612 modestia
1191 1559 1235 1610 ac
1252 1557 1335 1634 pru·

331 1663 449 1742 deurit
474 1663 616 1740 alienos:
660 1661 779 1757 quibus
806 1665 905 1736 rebus
929 1662 1078 1754 effecit,
1109 1679 1147 1734 ut
1170 1661 1334 1750 smmis,

333 1788 474 1878 infimis,
498 1789 556 1884 qui
577 1787 711 1885 quidem
735 1785 917 1884 saperent,
951 1789 1149 1887 gratisfimur
1171 1781 1257 1855 esset
1276 1799 1333 1856 at·
1418 1831 1419 1878 ,

331 1919 398 2012 'que
419 1909 740 1990 desideratisfimusfl‘
776 1917 810 1990 P,
834 1939 913 2012 137.
938 1918 1012 2006 „ln
1033 1911 1173 1988 docendi
1187 1932 1332 1985 munere

331 2038 491 2114 sumnam
519 2036 746 2138 diligentiam,
784 2041 935 2115 breviter
961 2039 1000 2116 da
1020 2039 1193 2139 perspicue
1222 2039 1336 2116 omnia
1418 2053 1419 2136 l

334 2158 535 2265 explanandi
549 2217 571 2256 ,.
592 2165 719 2242 nemini
746 2179 815 2240 n'on
841 2167 1025 2263 probabat3
1049 2165 1147 2263 saepe
1168 2165 1335 2264 professus
1418 2175 1419 2202 ¹

176 2363 182 2374 ,
333 2289 424 2366 inter
449 2289 548 2382 suos,
562 2301 741 2391 numquam
760 2291 816 2384 se,
841 2291 899 2366 nisr
923 2311 1207 2384 commentatum,
1226 2291 1260 2364 in
1280 2312 1334 2365 ca·

333 2413 486 2488 thedrarn
510 2417 711 2494 escendere:
737 2417 853 2515 inqua
868 2417 1077 2508 concionari,
1103 2418 1336 2514 declamitare,
1418 2417 1419 2456 r

337 2537 378 2616 ‘dt
408 2539 589 2616 vociferari
611 2551 681 2616 non
708 2539 870 2634 solerent,
901 2541 1041 2656 nst-,qul
1064 2563 1123 2616 aut
1144 2543 1203 2618 fibi
1225 2545 1337 2642 place·
1416 2557 1419 2566 '

334 2681 439 2751 rent,
471 2683 531 2736 aut
560 2661 706 2762 inopiam
743 2668 915 2742 dubbinae
945 2667 1110 2742 studerent
1144 2667 1336 2762 utcumque

234 2857 260 2876 ,,
336 2787 461 2862 velare.
493 2787 597 2862 'Illud
618 2791 720 2866 etiam
738 2794 926 2870 constanter
946 2792 1113 2882 servabat,
1138 2809 1177 2864 ut
1196 2803 1334 2888 tempo·¹

242 2913 248 2923 “
335 2911 380 2986 ris
403 2910 585 3012 mgustiit,
610 2915 677 2992 boc
707 2938 781 3009 est,
811 2917 944 3016 lingulis
971 2915 1097 3008 binisve
1119 2916 1337 2991 semermibus

334 3039 369 3114 se
393 3037 529 3136 suasque
556 3041 716 3118 leslionet
747 3043 895 3120 coerceri
920 3067 989 3116 non
1014 3051 1205 3138 pateretur,
1232 3044 1339 3119 immo
1419 3131 1420 3144 χ

334 3163 543 3242 auditoribus
558 3165 629 3240 erse
648 3167 746 3264 plane
771 3165 1040 3242 satisfaciendum
1071 3169 1336 3266 pronuntiabat,-

337 3289 378 3366 tlt
403 3295 542 3412 eornm,
562 3289 622 3389 qui
645 3289 883 3387 praelediioues
907 3289 946 3365 dt
968 3290 1093 3366 scholas
1120 3297 1335 3393 properando
1419 3327 1420 3332 ¹

336 3415 567 3508 absolverent,
602 3412 661 3492 aut
684 3417 770 3492 bene
792 3415 946 3492 docendo
980 3419 1036 3494 vel
1064 3418 1100 3494 in
1123 3421 1258 3496 dimidia
1282 3433 1338 3494 επὶ

334 3565 408 3620 rum
444 3560 541 3641 parte
572 3539 741 3620 subsistere
778 3563 1008 3642 cogerentur,
1046 3545 1108 3621 hor
1137 3547 1337 3624 excusatius

335 3693 478 3767 peceare
499 3668 645 3744 dicebar.
693 3663 777 3744 Nec'
805 3687 890 3742 vero
910 3672 1060 3744 eamdem
1086 3671 1176 3768 quafi
1200 3673 1341 3745 cantile-

336 3813 414 3871 nam
429 3819 533 3894 usque
551 3794 744 3896 ingerebat,
768 3791 939 3891 sed,quae
954 3813 1013 3868 aut
1035 3795 1167 3891 legisset
1185 3797 1334 3887 interea,

334 3933 394 3992 aut
419 3919 567 3994 notasset
589 3920 737 3994 subtilius
757 3973 770 4012 ,
801 3899 985 3994 autetiam
1013 3917 1140 3994 reditis
1166 3917 1339 4012 vidisset,

289 4025 293 4036 ¹
333 4043 489 4122 lubenter
510 4065 552 4120 ac
573 4043 826 4145 simpliciterne
850 4029 994 4145 benigne
1019 4069 1098 4124 eum
1125 4045 1339 4124 auditoribus

1239 4193 1335 4247 eom·
