2850 5278
219 568 312 647 ru.
348 570 376 645 1.
415 570 460 648 c.
496 571 914 654 sennar-our.
1013 601 1063 676 93

66 747 235 826 Demetrio
261 743 433 823 sumlisse:
465 766 568 844 atque
602 747 666 823 hac
694 749 943 848 comparatione
974 749 1061 828 utri·

65 897 128 970 que
146 871 282 948 subinde
309 869 368 943 lux
386 872 614 954 accenditur„
669 877 703 949 S.
731 877 860 954 CVlll.
893 859 1059 972 llugpu'ge

64 989 222 1076 vinula
242 1011 326 1064 vere
354 989 536 1088 exponitur
562 995 649 1068 latos
679 1001 789 1070 clauus
819 997 1058 1088 Romanorum

61 1116 143 1192 unde
167 1139 302 1214 quoque
324 1137 557 1214 arguunentum
580 1118 716 1194 ducitur
744 1121 787 1194 de
808 1141 921 1196 aetate
942 1145 1061 1200 recen·

59 1242 141 1320 tiore
162 1241 341 1320 Demetrii.
412 1241 447 1318 S.
472 1239 661 1322 CCXLlIl.
693 1246 783 1323 idem
806 1245 942 1322 ducitur
957 1275 1057 1348 argu·

57 1389 200 1444 mentum
226 1392 271 1444 ex
295 1391 385 1444 voce
408 1347 637 1464 ἆυλληγοςῖω,
651 1372 746 1466 cujus
769 1373 845 1446 usus
862 1372 1055 1468 posteriori·
1196 1435 1199 1450 .

58 1491 115 1566 bus
131 1489 266 1562 demum
280 1487 485 1583 temporibus
501 1487 662 1580 invaluit,
684 1513 751 1586 pro
766 1485 923 1591 ὖπὸκη,
960 1494 1053 1591 quod

56 1616 202 1692 Veteres
231 1616 297 1690 boc
321 1611 423 1722 sensu
445 1611 752 1710 frequentaverant.
826 1617 861 1691 S.
895 1619 1052 1694 CCClV.

53 1741 142 1816 locus
169 1735 327 1817 Clitatclti
360 1735 403 1809 de
427 1737 637 1811 Tenthredone
660 1738 808 1831 animali,
833 1761 912 1838 post
929 1741 1055 1816 vieto·

53 1867 151 1957 rium,
176 1880 387 1960 comparatur
402 1885 480 1936 cum
497 1861 653 1938 Diodoro
668 1863 803 1954 Siculo,
827 1865 884 1962 qui
906 1866 1053 1964 exscrip-

49 1994 88 2068 stt
113 1991 202 2068 illum
231 1990 278 2062 T.
302 1987 347 2060 11.
380 2001 414 2083 p.
444 1997 539 2068 218:
580 2007 654 2062 tum
679 2009 872 2086 opportune
898 1995 1055 2068 observa·

48 2139 120 2210 tur,
145 2139 191 2194 ex
210 2114 328 2188 eodem
349 2113 518 2188 Clitarcho
534 2110 674 2188 sumtam
689 2113 760 2188 esse
784 2114 883 2210 hujus
906 2117 1053 2190 animalis

48 2240 301 2340 descriptionem
322 2261 343 2312 a
366 2235 552 2310 Scholiaste
583 2235 748 2310 Nicandri
772 2237 929 2332 Alexiph.
958 2250 1050 2336 1833

47 2368 131 2464 cujus
148 2365 364 2463 comparatio
380 2361 523 2433 multum
541 2361 632 2432 valet
649 2361 692 2433 ad
708 2363 892 2458 pleniorem
906 2381 943 2434 et
965 2363 1054 2438 Dio·
1134 2373 1140 2382 '

47 2487 110 2564 dori
128 2509 163 2566 et
191 2483 368 2564 Demetrii
389 2480 653 2580 intelligentiam.
774 2545 777 2551 .

87 2623 183 2710 Noa,
204 2637 286 2712 -quo
311 2609 417 2706 magis
442 2607 499 2682 has
515 2609 764 2686 observationes
786 2615 985 2713 probamur,
1008 2637 1053 2692 eo

46 2739 348 2840 magis'dolemus,
381 2761 450 2811 non
480 2735 554 2832 plus
576 2737 677 2810 etiam
703 2739 896 2839 diligentiae
917 2761 1053 2840 tempo·

43 2867 148 2964 risque
182 2867 219 2939 in
242 2865 305 2937 hac
334 2861 484 2936 editione
510 2863 719 2946 consumtum
745 2863 876 2958 fuisse3
909 2865 980 2940 live
1009 2889 1070 2940 ea·
1116 2961 1125 2976 ·
1170 2862 1172 2870 ’

42 2987 220 3062 festinatio
229 2987 329 3059 luerit
338 2987 437 3084 ipsius
452 2985 700 3072 Editoris,nve
717 2987 924 3078 bibliopolae.
950 2983 1047 3060 Utile
1119 2979 1144 3019 Ψ

39 3131 181 3208 quoque
202 3107 310 3182 fuerat
326 3109 460 3183 Indices
477 3107 641 3202 adjicere,
666 3107 814 3194 Rerum,
832 3109 1045 3199 Antiatum,

38 3255 74 3310 et
111 3233 317 3311 verborum.
377 3235 487 3308 Nunc
518 3227 647 3304 nullum
668 3229 806 3303 ommno
830 3231 914 3302 haec
938 3234 1047 3306 editio

36 3360 191 3434 Iudicem
215 3362 337 3451 babet,
369 3381 436 3433 nec
456 3357 498 3432 ad
522 3357 629 3456 ipsum
653 3353 888 3445 Demetrium,
912 3377 977 3429 nec
1003 3355 1047 3428 ad
1135 3447 1137 3452 Ι

36 3481 354 3562 Animadverlionea
371 3483 531 3560 Editoris.
579 3481 779 3582 Namquod
795 3479 917 3556 Latina
935 3479 1045 3556 veruo

36 3612 163 3701 abest,
196 3635 264 3686 non
288 3608 573 3710 reprehendimur.
622 3613 749 3706 Neque
775 3607 861 3683 vitia
884 3627 1044 3704 typogra-

36 3737 157 3833 phica,
182 3737 270 3812 haud
287 3736 512 3832 infrequentia
531 3737 603 3826 illa,
635 3731 783 3808 Editoiis
806 3731 921 3829 potius
945 3751 1045 3830 quant

38 3856 237 3960 bibliopolae
260 3863 439 3938 tribuimus
466 3857 701 3958 negligentiae.

84 4239 156 4318 Vol.
183 4188 242 4316 IL·
272 4187 427 4340 rao-11,
660 4239 696 4324 G
940 4225 1049 4331 vul.
