2894 5258
348 477 397 628 ii
507 493 588 620 'ro
641 538 1195 621 mercnnomrs
1272 489 1281 507 ’

348 719 439 820 quod
460 717 582 810 sciam,
614 739 713 791 nemo
743 717 861 810 dicat,
884 734 921 792 ro
938 715 1041 812 feci,
1064 721 1144 794 idem
1166 719 1229 792 ribi
1255 721 1369 816 censeo

343 849 555 946 faciendum
582 841 706 916 sedvel
724 843 1075 934 qaod‚idrm,velnt‚
1101 850 1199 938 item,
1224 867 1281 936 nr,
1306 851 1368 922 ῐιῐ.

353 976 434 1048 iem.
484 965 555 1058 Etfi
576 963 665 1040 enim
686 967 775 1064 apud
798 969 959 1045 Graecos·
982 956 1034 1054 τό
1057 947 1197 1058 ὅσπερ,
1231 949 1370 1040 rororir

353 1113 410 1188 vel
434 1079 522 1170 aiii
551 1085 656 1170 roi-io
687 1099 885 1197 respondet:
909 1103 949 1179 id
971 1122 1084 1180 tamen
1110 1105 1172 1179 aii
1190 1106 1288 1205 plane
1305 1133 1364 1185 ra·

355 1243 448 1316 tione
485 1239 612 1316 dilium
643 1257 696 1313 est
729 1261 791 1333 pro
825 1214 933 1305 nari.
967 1213 1110 1310 rnorir.
1176 1237 1295 1334 Itaque
1317 1235 1360 1312 ἀ

356 1365 563 1443 Guilielmius
587 1365 642 1438 hic
669 1361 840 1452 malebat„
873 1360 1006 1446 iridem,
1040 1357 1142 1456 idque
1165 1360 1201 1436 in
1233 1363 1361 1458 aliquot

356 1496 427 1591 ejus
454 1491 543 1568 libris
565 1487 739 1564 exstabat:
766 1486 799 1559 in
826 1483 931 1560 Goth.
955 1485 1202 1561 Oxonienlibus
1226 1487 1363 1585 aliisque

356 1637 408 1690 est
430 1617 611 1702 identidem,
636 1635 680 1688 ex
697 1616 820 1702 iridem,
844 1635 884 1684 ac
907 1609 1020 1708 potius
1038 1633 1082 1684 ex
1105 1612 1230 1711 duplici
1247 1613 1365 1694 leelin-

356 1763 399 1812 ne
415 1741 490 1810 idem
510 1735 548 1811 n
564 1740 639 1810 irem
660 1757 786 1810 natum.
821 1736 933 1838 Quam
951 1735 1082 1808 obrem
1104 1759 1179 1810 cunr
1193 1737 1365 1812 Lambino

356 1871 430 1939 irem
453 1861 615 1948 restituo,
648 1861 780 1960 quoda
805 1863 969 1936 Cicerone
997 1859 1199 1957 frequentius
1222 1863 1359 1958 ul'nrpa·

357 2012 447 2082 tum,
472 1989 571 2084 eique
593 1983 678 2062 infra
702 1987 804 2058 etirm
824 2010 896 2086 onp.
923 2009 987 2084 32,
1027 2011 1091 2076 11,
1114 1985 1282 2062 redditum
1305 2011 1358 2060 re·

359 2099 480 2216 perio.
515 2113 590 2188 Lib.
614 2113 671 2203 ll,
695 2135 726 2188 c.
757 2123 818 2203 14¹,
850 2115 921 2185 Non
945 2129 1075 2201 tomen,
1100 2127 1136 2183 ni
1154 2114 1209 2185 lior
1226 2112 1363 2211 fugien-

358 2245 455 2330 dum,
481 2245 555 2312 item
581 2241 753 2330 labendum
777 2255 824 2309 est
852 2239 996 2331 religioni
1019 2255 1179 2310 nocentem
1197 2241 1375 2334 aliquando·

360 2365 534 2460 defendere.
586 2365 652 2460 Ep.
681 2361 748 2451 V,
786 2385 857 2436 12:
889 2363 955 2436 Pro
987 2363 1123 2437 cluent.
1144 2383 1176 2435 c.
1204 2383 1260 2454 24.
1296 2365 1367 2436 Pro

362 2487 555 2567 Guilielmio
573 2489 656 2563 facit
681 2487 788 2565 Plaut.
805 2487 929 2585 Amph.
953 2485 1027 2578 Ill,
1051 2511 1099 2578 4,
1121 2511 1167 2579 9,
1197 2488 1243 2560 Ur
1260 2486 1366 2580 filium

272 2687 276 2700 ,
359 2618 470 2687 bonnm
486 2617 574 2708 porri
593 2613 658 2710 esse
675 2631 812 2714 oportet,
838 2615 944 2686 iridem
968 2611 1105 2707 egosum
1119 2616 1223 2708 patri.
1274 2613 1370 2686 Idem
1441 2635 1442 2650 ³

362 2743 459 2834 Capt.
482 2739 537 2824 11,
565 2757 607 2823 2,
636 2759 690 2810 rr.
717 2736 860 2810 Terent.
885 2733 1016 2810 Phorrn
1039 2735 1110 2825 ΙΙΙ,
1140 2759 1184 2826 1,
1211 2761 1269 2814 12.
1296 2743 1369 2813 Lu·

364 2881 448 2939 cret.
474 2861 550 2946 ΙΙΙ,
579 2859 657 2936 rr.''
732 2872 735 2880 ’

417 2982 438 3032 ³*
461 2967 548 3064 ltiem
564 2993 626 3060 iiii
649 2988 753 3088 censeo
765 2985 965 3081 faciendum.
990 3041 1015 3081 ,‚
1027 2986 1093 3064 Gn.
1106 3003 1216 3088 quart.
1231 3005 1372 3062 mutato

235 3123 240 3132 “
363 3113 480 3193 ordine
504 3117 583 3188 idem
611 3113 713 3212 censeo
736 3119 817 3189 tibi:
850 3109 947 3214 impr.
971 3117 1061 3216 Lips.
1090 3137 1179 3209 1513
1213 3117 1263 3185 ir'a
1284 3117 1369 3188 idem
1437 3031 1440 3194 l

364 3247 435 3318 tibi.
485 3243 531 3315 Et
563 3237 694 3338 elegans
730 3257 808 3330 est,
839 3237 878 3313 ἃ
907 3239 1206 3338 magniloquentiae
1240 3235 1373 3313 invidia

364 3369 567 3443 Ciceronem
591 3361 698 3452 levat,
724 3366 812 3460 quod
839 3389 883 3440 ex
905 3367 985 3440 MS.
1009 3366 1127 3442 Vinar.
1154 3385 1223 3436 uno
1247 3367 1367 3440 Onon.

365 3488 573 3568 Coclmanni
593 3487 632 3562 ἃ
647 3487 744 3584 impr.
761 3493 919 3588 Magont.
950 3487 1110 3590 revopavi
1121 3543 1132 3578 ,
1158 3491 1193 3559 ii
1212 3495 1276 3563 ribi
1293 3490 1371 3582 of.

365 3619 475 3714 Saepe
497 3633 630 3689 veteres
652 3633 729 3710 post
753 3634 788 3686 ur
813 3613 1007 3714 particulam
1034 3622 1080 3684 ira
1104 3615 1160 3687 vel
1185 3613 1237 3708 stc
1259 3613 1371 3689 subin-

366 3741 579 3844 telligendam
611 3740 783 3815 omittunt.
835 3739 954 3817 Cicero
976 3741 1060 3836 Leg.
1080 3741 1135 3833 ll,
1161 3749 1197 3816 6.
1224 3744 1306 3833 Sed,
1334 3759 1386 3816 nr.

363 3869 416 3940 vir
437 3865 625 3960 doliissimur
644 3863 732 3960 seris
767 3864 885 3957 Plato,
926 3883 1019 3958 arque
1048 3869 1130 3941 idem
1157 3867 1373 3962 gravisfimor

361 3989 606 4091 pliilifiipiorom
630 3991 784 4079 omnium,
811 3994 863 4083 qui
883 3993 1029 4088 princeps
1051 3993 1088 4063 tle
1114 3997 1276 4088 republica
1300 4015 1371 4065 con·

355 4113 515 4218 scripfic,
542 4117 678 4210 idemque
694 4115 874 4214 separatior
891 4119 927 4193 dc
948 4121 1095 4212 iigmor,
1120 4119 1155 4187 id
1176 4121 1258 4192 milri
1285 4117 1375 4185 credo

1214 4251 1218 4256 ,
1307 4233 1383 4331 „st
