2850 5278
214 523 609 604 nutationes
649 523 1004 608 uunuronrt
1055 555 1122 624 115

114 701 248 776 nomine
272 699 415 787 laudari,
442 699 622 796 siquidem
645 722 712 772 non
732 697 854 773 sociam
875 699 1038 776 habuisset
1058 729 1119 777 va·

115 828 254 902 nitatem
286 847 326 898 ac
359 826 596 901 temeritatem.
671 827 730 898 Ille
760 847 845 898 vero
873 827 995 901 multos
1025 829 1117 903 locos

113 970 269 1026 veterum
292 947 499 1046 Scriptorum
524 949 665 1048 sublegit
695 973 739 1026 ex
772 952 858 1046 libro
894 956 1118 1052 lloogevecni

108 1078 153 1151 de
168 1075 361 1164 Particulis,
385 1073 472 1146 nulla
486 1071 575 1148 fatu
590 1077 763 1150 mentione
781 1075 949 1151 notioris.
981 1079 1116 1152 Deinde
1207 1125 1209 1132 ·

111 1199 412 1277 animadversiones
439 1199 551 1272 multis
578 1199 658 1272 locis
682 1197 834 1296 adjunxit
860 1203 979 1279 alienus
995 1208 1036 1278 ab
1058 1229 1116 1278 eo·

111 1355 185 1404 rum
209 1303 429 1426 argumento,
458 1312 553 1422 quod=
568 1349 637 1399 non
662 1323 737 1398 satis
762 1347 969 1424 perceperat.
1013 1331 1119 1404 Porro

111 1455 244 1530 vanitas
259 1471 394 1548 apparet
422 1450 455 1523 in
480 1451 755 1546 reprehendendo
780 1455 1047 1552 Hoogeveeno,
1084 1453 1120 1524 in

114 1603 216 1677 quern
241 1577 430 1670 frequenter
447 1576 635 1668 invehitur,
662 1579 752 1652 nullo
772 1581 907 1676 quidem
927 1599 1120 1676 certocon·

112 1707 182 1780 srlio
204 1705 262 1780 nisr
286 1723 325 1776 ut
348 1725 425 1776 eum
441 1702 719 1798 reprehenderet,
745 1723 782 1776 et
803 1705 932 1802 saepius
949 1701 1027 1798 quid
1050 1701 1120 1798 ipse

110 1830 172 1906 sibi
196 1831 299 1906 vellet
315 1827 479 1926 ignorasse
494 1827 677 1905 videretur.
712 1829 870 1927 Denique
889 1829 1013 1902 multos
1030 1851 1123 1900 corn·
1162 1879 1165 1886 -

110 1957 200 2031 misit
221 1977 369 2046 enarres,
394 1939 503 2048 quiin
527 1975 599 2046 eo,
632 1957 780 2053 quinon
804 1953 844 2028 fit
871 1953 956 2044 tiro,
992 1951 1048 2024 sed
1078 1951 1120 2024 ti·
1215 1925 1217 1934 ’

112 2107 215 2156 roncs
242 2081 307 2180 ipse
320 2075 323 2082 ’
338 2079 490 2166 doceat,
528 2101 666 2174 gravem
701 2079 919 2154 offensionem
963 2078 1120 2153 habeant.

108 2211 229 2304 Atque
253 2206 389 2281 istorum
424 2203 599 2276 criminum
625 2203 828 2292 documenta
851 2205 886 2276 in
920 2203 986 2278 hoc
1011 2199 1120 2276 libello

103 2331 286 2408 manifesta
310 2329 482 2425 proposuit
516 2331 797 2423 Hoogcvcenus,
836 2327 924 2402 haud
956 2324 1118 2400 mediocri
1186 2421 1190 2428 1

103 2455 268 2532 ἀοέὶτίηει
291 2472 327 2524 et
356 2451 583 2529 Grammatica
607 2451 815 2542 subtilitate,
846 2453 975 2528 minore
1007 2471 1120 2530 tamen

104 2577 275 2658 orationis
301 2579 464 2676 elegantia
489 2596 524 2649 et
540 2575 788 2674 perspicuitate.
829 2579 907 2652 Nos
926 2579 1119 2666 mallemus,

108 2706 287 2797 Zeunius‚
320 2707 415 2802 cujus
445 2701 587 2778 studium
627 2699 696 2772 aliis
729 2702 811 2776 locis
844 2703 1043 2801 agnovimus
1082 2724 1120 2777 et

108 2807 355 2932 probavimus,
383 2830 418 2902 in
437 2829 503 2903 hoc
525 2829 607 2902 libro
630 2825 732 2921 magis
757 2828 960 2928 diligentiam
987 2851 1023 2905 et
1046 2857 1121 2905 mo.

113 2958 379 3055 deuiam-quam
411 2955 636 3028 temeritatem
670 2970 705 3020 et
737 2954 859 3024 edendi
899 2958 1121 3048 cupiditatem

118 3081 252 3156 secutus
280 3083 394 3174 esset,
435 3102 545 3176 neque
573 3077 620 3150 ita
646 3073 681 3145 in
719 3071 885 3166 publicam
930 3093 966 3146 et
1002 3077 1122 3171 julium

119 3207 405 3308 reprehensionem
430 3201 609 3280 incidisset.

161 3337 210 3410 11.
243 3321 581 3411 andoenourrs
605 3323 860 3400 memorandam
893 3321 1035 3396 aaran
1074 3324 1124 3394 a.

120 3467 232 3537 ilatum
257 3465 350 3536 Libri
367 3475 524 3555 quotuor:
557 3453 708 3551 recensuit
725 3469 757 3524 et
775 3447 903 3548 Ernesti
921 3447 1123 3562 Aliorurnque

117 3606 151 3665 et
166 3589 239 3689 suls
263 3591 344 3663 notis
368 3585 541 3683 explicavit
567 3579 625 3671 Ja.
661 3581 734 3672 Cur.
766 3575 917 3651 Zeunius‚
941 3573 1035 3667 Prof.
1063 3579 1119 3651 Gr.

118 3717 204 3791 Litt.
229 3715 335 3788 Vitab.
358 3719 402 3790 ι8.
436 3706 573 3805 lipfiae.
598 3713 703 3799 1781.
776 3704 861 3774 Non
888 3719 940 3774 est
965 3700 1125 3796 repetitio

120 3841 315 3919 Ernestinae
332 3835 508 3926 editionis,
532 3832 588 3906 sed
604 3855 693 3904 nova
715 3827 821 3901 editio
847 3829 888 3902 ab
906 3829 976 3926 ipso
994 3826 1126 3903 Zeuuio

123 3967 212 4042 aaa
237 3965 279 4038 ad
298 3961 571 4051 comunionem,
588 3981 685 4056 quam
709 3957 743 4031 in
775 3953 843 4028 aliis
869 3951 1125 4053 Xenoplronteir

122 4093 214 4176 libris
248 4091 382 4168 secutus
426 4105 507 4166 crat.
584 4081 793 4159 lraestiterat
824 4084 941 4180 utique
981 4076 1127 4154 Ernesti·

623 4211 710 4285 Ha
1048 4222 1145 4278 num.
