2864 5250
150 477 181 552 ι
294 477 375 568 nr·
463 395 1192 559 rinnounrcrvnrnnns'

195 652 209 709 ³5
290 645 404 735 Διιξιι,
427 666 555 722 novum
576 639 815 722 &mirabilius
835 663 1033 740 quaererent
1054 665 1175 740 genus,
1206 641 1315 752 Quod

287 773 419 887 {genus
437 791 538 866 quum
568 765 603 840 in
627 767 798 864 publicum
824 769 1043 864 proderetur,
1068 789 1240 863 patronam
1260 771 1314 848 in·

288 901 398 978 menie
418 888 691 1002 multitudinem,
729 907 769 964 ut
788 890 975 987 imperitam
1009 893 1057 966 ita
1079 895 1315 975 nouitatiaad-

298 1020 512 1110 miratricem.
561 1018 645 1092 Hoc
668 1035 721 1092 est
744 1014 824 1089 illud
849 1017 1010 1092 acuminis
1035 1017 1073 1094 dt
1102 1023 1309 1120 argutiarum
1407 1060 1414 1076 ι

287 1113 474 1234 Andium,
494 1140 597 1282 quod
624 1141 758 1214 Florum
790 1139 937 1240 aliosque
958 1144 1070 1242 cepit,
1106 1146 1239 1244 quod
1228 1173 1312 1246 prn-

296 1279 418 1376 dentes
436 1271 538 1346 etiarn
549 1267 663 1358 viros,
680 1265 870 1366 -Vellejum,
880 1271 1062 1362 Senecam,
1077 1273 1116 1350 dt
1132 1294 1316 1372 utrumque

283 1399 442 1500 ,Plinium
464 1391 595 1468 infecit.
651 1394 767 1492 Atque
790 1396 877 1470 bene
898 1395 1043 1473 babebat
1058 1455 1069 1491 ,
1086 1399 1148 1491 ιι,
1171 1424 1240 1497 quo
1255 1398 1317 1491 de·

282 1527 461 1614 flexerat,
484 1501 897 1620 constitisseteluquent'ia.
947 1527 1074 1610 Nunc,
1101 1527 1192 1627 quod
1207 1524 1315 1602 modo

196 1669 199 1676 ⁴
279 1648 530 1742 ,celebrabatur
559 1641 719 1729 orationis
748 1669 857 1745 genus
893 1649 998 1750 ipsum
1029 1674 1184 1752 tempore
1211 1653 1314 1730 vilea-

296 1797 383 1864 cere,
410 1773 553 1868 coepit,
586 1767 625 1845 dt
661 1793 790 1849 novum
821 1773 982 1876 deinceps
1010 1782 1106 1880 pejus
1136 1777 1316 1856 indultum

283 1879 363 2013 ‘pst
412 1903 485 1988 lta,
508 1917 612 1996 quum
635 1896 734 1971 semel
773 1907 845 1974 latu
870 1922 964 1978 mota
988 1904 1075 1978 esset
1103 1901 1318 2000 eloquentia,

295 2040 433 2108 tanturn
455 2022 565 2098 abfuit
592 2041 630 2097 ut
652 2046 732 2098 eum
752 2026 940 2124 reciperet,
967 2049 1005 2104 ut
1023 2028 1137 2126 potius
1153 2031 1222 2126 jam
1241 2049 1315 2105 non

281 2125 415 2242 fsensrrn
436 2151 604 2226 laberetur
636 2148 692 2222 sed
718 2169 880 2246 praeceps
905 2151 940 2226 in
962 2153 1058 2248 pejus
1088 2173 1202 2230 rueret
1231 2175 1314 2252 qua·
1413 2133 1415 2142 ’

294 2301 366 2378 que
390 2279 550 2376 deinceps
579 2293 719 2366 aetate,
752 2273 789 2352 dt
816 2275 864 2350 ita
888 2277 1035 2376 quidque
1051 2279 1311 2376 pulcherrimum

280 2406 500 2494 haberetur,
525 2423 565 2478 ut
595 2401 741 2497 quidque
764 2397 951 2494 longissime
974 2423 994 2472 a
1017 2401 1155 2478 naturae
1182 2403 1316 2480 ratione
1401 2469 1403 2474 .

296 2531 437 2606 abesset.
490 2529 546 2600 Ad
567 2528 653 2596 hanc
671 2541 801 2594 urorum
826 2521 1044 2621 sensuumque
1072 2525 1178 2604 labem
1206 2555 1312 2628 quum
1414 2525 1415 2553 ³

296 2653 360 2728 alia
391 2648 497 2750 pestis
528 2643 735 2734 accederet,
777 2643 894 2718 infelix
923 2647 1078 2726 adulandi
1103 2656 1313 2750 necessitas,

262 2827 267 2834 ·
296 2777 367 2856 noli
395 2791 583 2874 quaerere,
605 2790 702 2867 ¹quae
727 2769 871 2846 monstra
904 2794 982 2854 nata
1012 2778 1076 2854 srnt
1108 2779 1320 2860 orationum.-

284 2881 395 2990 ]Hinc
415 2893 632 2994 intelligitur,
666 2915 823 2994 quantam
855 2899 897 2976 ad
926 2905 1214 2992 benedicendum
1239 2907 1313 2983 vim

285 3011 428 3139 ,adierat
454 3025 588 3100 libertas
611 3021 746 3116 civilis,
782 3025 877 3100 Nam
900 3052 1002 3126 quum
1028 3029 1165 3106 subinde
1189 3030 1312 3108 existe·

182 3157 194 3178 f
293 3172 396 3246 rent,
420 3155 478 3250 qui
491 3169 680 3259 corruptas
701 3109 802 3224 seculi
820 3148 870 3230 sui
894 3173 990 3230 autes
1017 3159 1244 3254 negligerent,
1269 3151 1313 3238 dc

286 3257 391 3386 'tella
411 3280 542 3354 ratione
563 3277 605 3358 ad
629 3276 853 3374 eloquentiam
876 3263 959 3354 eniti
979 3277 1171 3362 studerent:
1206 3303 1321 3390 quutn‘

140 3420 146 3431 '
287 3374 495 3525 frequenter
515 3397 625 3477 essent
650 3401 805 3480 officinae
829 3404 1024 3498 rhetorum,
1048 3433 1113 3506 qur
1104 3409 1220 3488 bunc
1247 3437 1311 3494 ve·
1413 3453 1414 3456 ι

293 3531 361 3613 luti
399 3527 558 3606 incudem
596 3525 668 3604 dies
703 3525 889 3626 noctesque
931 3532 1140 3627 tunderent,
1193 3559 1232 3616 ut
1261 3541 1310 3620 ad

287 3639 528 3778 Antiquotum
557 3655 711 3752 exempla
736 3651 797 3748 ipfi
820 3653 875 3732 sna
907 3682 1010 3759 opera
1035 3663 1310 3758 confonnarent,

293 3783 373 3888 quis
404 3804 473 3858 non
500 3797 620 3880 putet,
652 3804 757 3856 unum
773 3769 905 3880 aliquod
927 3787 1085 3862 excusum
1109 3791 1178 3865 esse
1203 3815 1313 3902 opus,
1401 3785 1405 3796 '

300 3909 396 4016 quod
418 3908 565 4006 exempli
584 3907 727 3986 fortnarn
760 3909 942 4008 expleret?
973 3912 1079 3988 Nunc
1105 3920 1160 3990 vel
1194 3917 1307 4016 perfe-

299 4033 481 4138 ξὶιιιιιιιιιιιι
509 4058 606 4136 οριιι
623 4035 690 4114 talc
717 4035 809 4133 suit,
843 4053 904 4136 ut,
928 4061 1006 4124 cunr
1032 4041 1151 4120 multas
1173 4041 1308 4122 dicendj
1412 4101 1413 4104 a

612 4185 617 4196 ⁵
1242 4191 1309 4260 Vll!
