2850 5278
336 509 404 596 ot
475 470 835 568 nnnnrnros
866 469 943 563 nr
974 467 1232 562 eunoun.
1350 493 1364 564 1

357 670 561 768 inscriptus,-
591 664 634 742 ad
667 675 780 764 partes
802 677 947 738 'vocatur
977 677 1060 754 est3
1093 685 1173 738 cum
1197 655 1368 764 negiediut'

359 797 476 876 fuisset
501 821 521 870 a
543 788 767 892 superioribus
791 786 1009 882 Editoribus,
1033 805 1071 860 ct
1097 789 1238 866 haberet
1256 812 1365 874 tamen

301 978 307 988 ·
358 929 463 1004 multa
490 921 532 998 ad
561 916 807 994 emendandum
836 905 1129 1010 inutrandnnque
1151 919 1364 1000 Demetrium

357 1058 562 1158 adjumenta.
614 1041 719 1150 Quod
742 1063 827 1123 vero
850 1027 1111 1141 'Capperonnerii
1127 1049 1368 1144 correctiones,

358 1180 544 1276 adscriptae
561 1176 602 1250 ab
619 1195 662 1244 eo
678 1165 720 1241 ad
734 1163 922 1264 ,marginem
935 1173 1084 1269 exempli
1098 1171 1255 1265 careant,
1279 1199 1369 1274 mag·

359 1309 461 1386 nifice
477 1299 733 1404 praedicantur,
758 1273 864 1404 tnagis
885 1315 929 1370 ex
945 1295 1144 1412 liberalitate
1157 1303 1369 1398 Schneider,

361 1441 462 1532 quam
482 1429 531 1502 rei
553 1427 720 1532 veritate,
744 1419 980 1522 accipiendum
999 1442 1072 1520 ett3
1095 1427 1221 1530 quippe
1241 1417 1366 1504 suntet

359 1562 453 1636 leves
469 1577 510 1632 et·
522 1537 746 1654 paucissimae

408 1685 468 1762 Ad
497 1683 581 1756 haec
605 1677 743 1755 subsidia
773 1693 879 1774 quum
908 1679 1083 1756 accederet
1115 1673 1264 1775 Editor,·
1316 1683 1366 1782 qui

361 1813 501 1888 haberet
517 1809 613 1884 usum
628 1827 665 1880 et
680 1804 852 1880 scientiam
868 1808 1069 1882 Graecarum
1085 1808 1280 1898 literarum
1303 1831 1368 1884 nou

360 1959 493 2016 temere
518 1933 591 2036 quis
612 1931 878 2029 exspectaverit,
914 1953 1026 2008 et-nor
1042 1932 1181 2030 quiden
1199 1935 1368 2036 exspecta·

362 2070 493 2152 vimus,
520 2061 682 2159 insignem
701 2057 738 2133 in
760 2057 824 2136 hac
844 2059 994 2136 editione
1018 2081 1176 2136 navatam
1200 2064 1271 2138 esse
1291 2085 1369 2162 ope·
1393 2089 1394 2100 ¹

363 2217 444 2271 rarn.
501 2193 549 2268 Et
573 2205 646 2262 erat
669 2187 777 2286 ampla
804 2187 903 2288 hujus
931 2188 1006 2262 libri
1029 2189 1187 2262 materies
1208 2189 1251 2264 ad
1273 2211 1369 2264 omne

364 2318 510 2396 Criticae
537 2339 659 2394 munus
677 2311 927 2389 exercendum:
952 2317 1022 2394 site
1044 2313 1080 2388 iu
1101 2315 1369 2411 comparatione,
1393 2329 1394 2336 ‘

270 2451 271 2454 ’
365 2473 442 2522 cum
463 2443 674 2536 Aristotelis,
699 2463 828 2537 exquo
848 2441 1025 2518 maximam
1048 2441 1222 2555 doctrinae
1244 2459 1370 2540 partem
1393 2485 1394 2568 ἦ

366 2575 472 2650 haurit
494 2567 712 2658 Demetrius,
741 2587 815 2642 tum
831 2571 992 2662 aliorum,
1010 2569 1068 2668 qui
1089 2569 1124 2645 in
1140 2569 1260 2646 eodem
1276 2593 1370 2667 argu·
1393 2585 1394 2591 ’

365 2715 485 2776 mento
519 2693 642 2769 versati
671 2693 782 2786 sunt,
827 2695 936 2770 veluti
972 2696 1172 2788 Ciceronis,
1218 2695 1371 2796 Dionysii

367 2817 693 2913 Halicarnassensrs,
726 2821 973 2930 Quinctilium,
1008 2823 1190 2914 Aristidis,
1214 2824 1372 2896 Hemro·

366 2950 491 3052 genis,
519 2947 684 3046 Longini:
717 2948 788 3024 srve
812 2947 849 3024 in
870 2951 1065 3052 cognitione
1090 2949 1303 3044 nouorum,
1329 2977 1371 3027 er

367 3079 488 3180 quibus
514 3074 667 3172 exempla
691 3075 843 3151 desumta
866 3075 960 3155 sunt:
991 3077 1061 3154 srve
1081 3078 1116 3154 in
1139 3079 1373 3155 emendatione

365 3197 530 3282 orationis
555 3203 719 3278 Graecae.
772 3204 882 3280 Nunc
903 3205 1203 3282 animadverfioner
1225 3209 1371 3308 adjectae

363 3329 446 3406 sunt
470 3351 539 3406 non
571 3328 706 3428 quidem
737 3330 1006 3407 contemnendae
1033 3331 1107 3408 idae
1126 3355 1151 3427 ,·
1169 3335 1227 3410 fed
1262 3351 1371 3408 tamen

114 3481 116 3488 ·
260 3501 264 3511 ·
367 3455 534 3554 ejusmodi
563 3456 599 3530 in
628 3457 750 3553 quibus
780 3455 870 3556 haud
901 3483 976 3535 raro
1001 3461 1201 3560 interpretis
1214 3453 1393 3539 'officiunt

368 3583 603 3673 defideretur‚.
621 3581 813 3680 praesertim
837 3583 871 3658 in
892 3589 1083 3685 praeceptis
1106 3589 1302 3678 illustrandis
1316 3608 1373 3687 per

364 3711 656 3808 ‘comparationem
679 3710 819 3787 aliorum
844 3711 1064 3812 Audieram,
1105 3739 1142 3792 et
1174 3714 1375 3816 explicandis

368 3839 412 3912 ad
444 3839 584 3936 suasque
611 3837 705 3921 sedet
739 3835 924 3912 referendis
957 3863 998 3915 ac
1025 3844 1183 3929 notandis
1206 3838 1378 3938 exemplis.

373 3965 414 4036 In
434 3987 503 4064 quo
519 3985 645 4063 genere
669 3966 830 4065 quosdam
855 3973 1189 4068 commemorabimus
1204 3975 1311 4050 locos.

423 4091 515 4168 Sett.
541 4091 609 4166 VI.
657 4090 895 4188 Xenophontis
916 4091 1046 4176 dietum
1067 4096 1255 4199 defluvio:
1275 4096 1392 4172 Tele:

1295 4226 1382 4314 boa,
