2868 5282
144 503 506 588 MARMOREA
544 443 934 591 nmhs'cALrA.
995 524 1056 610 45·

55 685 172 784 quippe
190 684 373 784 Sophocles
388 685 512 764 octavo
529 687 624 786 supra
637 653 833 788 mgesmum
848 711 936 764 anuo
949 685 1047 764 vicit.

57 819 106 889 Ne
124 819 188 908 quis
208 811 397 886 mammem
413 819 446 885 io
464 819 619 888 comoedia
632 816 739 906 ludar,
761 837 815 912 ap.
838 813 949 890 Schol.
966 811 1053 888 Ari:
1159 908 1163 930 .

56 935 154 1036 stoph
172 937 218 1012 ib.
243 959 300 1032 31.
325 939 376 1008 No
397 941 467 1032 quis
490 943 611 1013 omnine
628 946 800 1036 quempiam
825 945 860 1014 in
882 939 1046 1016 Comoedia
1069 985 1074 996 ·

54 1067 143 1140 ludar.
180 1064 237 1136 Illa
260 1061 331 1136 lere
352 1087 395 1137 ex
420 1049 533 1140 Petito
549 1064 653 1162 Legg.
673 1064 749 1138 Act.
772 1065 812 1158 1,
839 1089 871 1142 r.
893 1059 1045 1162 repetita

53 1189 132 1267 ssrut.
160 1191 275 1298 Quem
289 1185 722 1280 ubideseritOdericus‚&
738 1188 1057 1266 vomumsecutuo

52 1317 126 1394 duos
146 1317 225 1392 aliur
248 1329 410 1386 memorat
433 1313 523 1409 leger
547 1335 591 1388 ex
615 1314 773 1405 Platone,
797 1339 866 1391 nou
889 1318 923 1390 se
944 1311 1053 1387 fache-

52 1442 199 1541 expedit.
238 1442 320 1514 Nec
343 1436 432 1511 enim
448 1441 544 1514 Pluto
562 1461 617 1512 eos
633 1441 724 1538 leger
744 1439 886 1516 Athenis
902 1437 1057 1515 valuisse.

50 1565 154 1660 dicit,
165 1565 438 1664 sedinea,'quam
453 1561 551 1663 fingit
563 1619 574 1656 ‚
584 1587 621 1638 re
640 1565 771 1663 publico
787 1565 943 1640 constitui
953 1566 1055 1641 vult.t

99 1747 123 1785 ,‚
149 1689 281 1766 Iudices
304 1689 467 1765 viciorue
492 1691 539 1792 (h.
565 1691 720 1790 13‚14.)
746 1691 885 1767 fuerunt
903 1713 1045 1766 numeru
1183 1677 1192 1686 ¹

52 1816 230 1916 quinque.'’
244 1817 302 1890 De
325 1815 446 1912 quibus
462 1814 631 1888 consulere
644 1837 778 1917 poterat
792 1815 958 1892 Odericur
969 1807 1055 1894 Vo·'

51 1945 159 2022 lesrum
181 1943 224 2019 od
245 1941 414 2018 Moossoci
430 1941 518 2017 Dios.
542 1941 577 2016 in
603 1944 805 2042 Harpocrat.
828 1969 862 2042 p.
888 1951 953 2030 82,
971 1943 1042 2016 lau-

49 2074 166 2150 datum
188 2097 206 2148 a
223 2075 263 2148 P.
279 2065 504 2161 Wesselingio
520 2065 563 2136 ad
585 2067 687 2138 Petit.
704 2070 790 2162 Leg.
808 2070 885 2142 Art.
901 2092 935 2163 p.
955 2057 1044 2160 154,

48 2223 146 2297 quam
176 2195 361 2272 ediciouem
391 2213 460 2264 rrorr
497 2187 647 2264 imbuisse
681 2188 830 2264 videtur.
889 2183 1049 2270 Cet'emm

46 2345 86 2400 ex
105 2322 263 2400 Luciano
289 2317 324 2390 in
345 2313 555 2390 Harmouide
585 2313 650 2412 (T.
675 2317 704 2388 Ι.
729 2339 764 2412 p.
792 2316 891 2415 853,)
916 2335 1046 2408 notat,
1184 2345 1187 2362 .

44 2469 227 2528 numerum
239 2439 395 2516 lodicum
411 2458 480 2510 noo
498 2437 626 2536 semper
642 2439 787 2516 eundem
801 2439 912 2518 fuisse.
937 2440 1052 2516 Recle
1135 2479 1138 2492 ·

45 2593 187 2676 quoque
214 2564 428 2664 reprehendit
449 2585 527 2653 eos,
560 2560 684 2666 quiex
714 2565 893 2642 Plutarcho
915 2567 1048 2646 Cimon.

46 2729 78 2802 p,
101 2709 190 2794 483.
217 2695 270 2768 D.
289 2687 455 2764 conficere
481 2687 623 2778 volunt,
653 2689 759 2763 decem
777 2689 887 2788 fuisso
906 2695 1049 2790 judicer.

46 2816 290 2900 Namfoclum
313 2810 392 2887 illud
420 2810 580 2910 fingulare
609 2831 683 2904 est,
708 2810 749 2888 or
780 2813 821 2890 ad
847 2839 951 2892 unum
974 2841 1048 2893 cer.

47 2967 164 3023 tamen
178 2941 345 3042 pertinet,
372 2937 464 3034 quod
475 2936 627 3033 judicum
648 2937 828 3014 sententias
843 2941 1049 3036 Aeschylum
1122 3007 1131 3026 ,

45 3072 141 3150 inter
170 3065 208 3142 ἃ
234 3063 435 3164 Sophoclem
466 3059 631 3156 suspensos
657 3059 780 3137 tenuit.
828 3061 960 3152 Acuta,
982 3085 1048 3141 nec

48 3194 232 3274 abhorrens
247 3217 267 3266 a
284 3184 589 3276 verisrmssitudiue,
604 3203 657 3257 est
675 3183 841 3260 Plutarchi
862 3187 1047 3280 comestio,

48 3343 198 3424 qua-pro
223 3288 353 3386 'lilino
378 3300 413 3382 θ’
439 3295 485 3384 εἷς
511 3288 635 3397 perirem
666 3293 774 3412 αὐτοῦ
802 3287 864 3378 oroi
897 3290 957 3384 rh
981 3303 1054 3382 τοῖν
1140 3311 1143 3335 “

46 3442 240 3554 vpoyolo‘i
261 3433 383 3547 κρίσιν,
418 3448 586 3527 Odericus
607 3448 710 3547 legit,
734 3427 779 3524 ἔθ,
799 3431 832 3514 l'
849 3427 896 3520 εἷς
917 3421 1051 3544 milpont
1185 3528 1189 3541 ¹

46 3581 156 3666 αὐτοῦ
189 3615 231 3670 κ.
256 3611 295 3662 τ.
320 3595 365 3664 λ.
1130 3571 1141 3590 “

97 3703 287 3804 „Tragici
307 3722 451 3802 quatuor
468 3700 641 3775 certabam
664 3697 782 3774 fabulis
802 3695 849 3800 (§.
871 3698 1054 3798 15,16.),'

46 3831 154 3910 tribus
189 3829 391 3928 Tragoediis
416 3825 454 3903 or
483 3826 637 3924 Satyrico
665 3824 834 3914 dramate,
867 3849 952 3922 quae
979 3808 1064 3936 pless

44 3980 223 4054 rumque,
246 3975 451 4032 nectamen
476 3953 623 4050 semper,
647 3951 682 4026 in
709 3949 829 4026 eodem
844 3975 1051 4055 *argumento

47 4081 301 4164 versabantur.”
351 4083 435 4158 Hoc
467 4079 512 4154 de
545 4082 649 4174 loco,
680 4097 766 4173 quae
793 4077 970 4154 traduntur
1007 4081 1050 4150 ab

881 4199 1052 4296 Oderico,
