2868 5282
352 513 400 618 a
521 503 1158 588 vunnrrrunucr

348 685 444 760 tibus
469 681 665 782 fragmentis
695 679 899 776 collegerat,
919 681 1100 780 disposuit,
1118 685 1291 785 firmarit,
1310 695 1356 788 cl}

351 833 440 886 vero
459 809 619 897 lamnas,
649 803 755 903 gypso
776 805 955 903 impletas,
986 811 1124 907 plastica
1146 813 1276 890 ratione
1299 819 1353 896 ita

350 931 541 1033 composuit
566 954 606 1004 ac
631 931 875 1028 complanavit,
901 951 939 1004 ut
961 932 1179 1010 fradlurarum
1203 944 1352 1040 vestigia

345 1061 569 1156 apparerent,
592 1053 632 1131 dr
657 1075 768 1130 tamen
795 1055 857 1129 hae
885 1059 1018 1131 tabulae
1041 1061 1167 1137 illatum
1190 1087 1345 1146 veterum

348 1203 604 1256 marmorearum
624 1181 788 1255 referrent
804 1181 956 1278 speciem

341 1357 350 1376 ·
402 1313 523 1384 Forma
548 1309 731 1384 tabularum
758 1309 805 1380 ita
830 1327 902 1380 erat
923 1309 1115 1404 elaborata,
1138 1333 1178 1388 nt
1209 1317 1351 1396 incon·
1423 1413 1425 1420 „

352 1460 440 1510 cavo
468 1435 645 1533 hemicycli
667 1435 773 1531 spatio
790 1433 896 1530 aptari
919 1437 1073 1530 posstnt,
1105 1461 1183 1511 curn
1212 1443 1349 1524 aliarum

342 1561 540 1657 'superficies
568 1560 608 1636 fit
630 1561 752 1657 plana,
790 1579 906 1632 contra
933 1562 1160 1636 nonnullarum
1188 1591 1351 1648 concava,

344 1687 488 1792 literae
516 1685 734 1774 nundinales,
765 1681 804 1758 dr
825 1703 910 1778 quae
932 1683 1056 1758 variam
1090 1685 1213 1762 dierum
1241 1694 1344 1766 ratio-

335 1833 427 1884 'nem
457 1809 693 1906 distinguunt,
727 1810 890 1881 maximae
912 1809 1012 1900 sunt,
1044 1811 1245 1910 smlptaeque
1266 1842 1341 1892 om.

338 1956 410 2008 nes
442 1931 692 2031 elegantislime.
751 1933 930 2048 Elegantes
960 1935 1062 2010 ctiam
1093 1938 1167 2012 sunt
1198 1939 1347 2018 minores
1424 1981 1425 1996 ι

339 2059 484 2149 literae,
498 2045 631 2154 ¹quibus
649 2057 760 2148 sacra,
784 2079 966 2154 eonnnque
989 2059 1101 2135 caush
1118 2059 1157 2138 dr
1175 2065 1282 2158 ratio,
1309 2066 1346 2142 dc

335 2208 402 2260 'res
434 2185 614 2259 historicae
639 2201 821 2272 notantur,-
845 2181 903 2256 sed
922 2171 1025 2259 variis
1049 2187 1164 2263 modis
1186 2161 1344 2266 formatae

343 2311 392 2385 ub
418 2309 576 2406 majorem
610 2291 820 2380 minoremve
851 2307 907 2382 seu
924 2329 1082 2384 notarum
1112 2314 1341 2409 brevitatem,

337 2437 403 2512 reu
427 2434 492 2510 loci
512 2431 785 2530 amplitudinem,
809 2431 848 2508 dr
864 2431 1003 2508 fortasse
1017 2436 1119 2532 etiam
1143 2441 1189 2512 ob
1204 2439 1346 2540 scalpto-

334 2583 420 2636 uum
437 2559 663 2634 diversitatem
706 2557 847 2640 Nullae
862 2575 973 2632 tamen
995 2559 1070 2634 sunt
1090 2563 1280 2660 implexae,
1305 2587 1344 2644 ut

339 2685 568 2760 Romanarum
606 2679 772 2754 literamrn
814 2683 954 2759 formam
991 2685 1154 2759 amittant.
1219 2694 1341 2773 Plures
1423 2717 1424 2752 r

341 2829 411 2882 non
432 2805 507 2880 sunt
539 2803 739 2900 quadratae,
765 2809 954 2906 multaeque
988 2809 1159 2901 minutae,
1183 2831 1341 2906 tenues,

338 2931 545 3009 vacillantes.
607 2927 792 3032 Utriusque
823 2937 953 3034 generis
977 2933 1143 3018 literarum
1169 2934 1344 3034 specimen

334 3059 377 3133 in
401 3057 510 3130 tabula
534 3053 674 3130 exhibet
688 3057 817 3136 Editor.
1195 3047 1197 3050 ⁵

249 3263 253 3268 ,
335 3183 473 3257 ·Nec
487 3200 616 3256 temere
638 3181 779 3274 statuas,
800 3185 1022 3286 hemicyclum
1045 3185 1116 3262 aliis
1138 3191 1346 3276 ornamentis⁸

334 3295 441 3389 misse
471 3305 697 3408 inlignitum3
731 3294 900 3406 qnoniam
918 3312 1043 3386 circum
1074 3313 1147 3408 ejus
1188 3313 1343 3413 reliquias

339 3438 483 3538 plurium
515 3433 741 3509 columnarum
777 3455 909 3532 reperta
938 3437 1012 3517 lunt
1031 3433 1232 3534 fragmenta
1265 3463 1348 3520 curn

228 3597 233 3610 ·
335 3559 554 3663 quarumdam
576 3581 829 3663 marmorearum
856 3563 1050 3639 tabularum
1063 3565 1200 3660 irrasus,
1214 3569 1250 3643 in
1270 3570 1351 3668 qui.

336 3693 403 3766 hus
442 3689 676 3764 nonnullorum
714 3685 812 3786 ipsius
851 3687 1027 3764 coloniae.
1046 3691 1350 3789 Magistratutun,

335 3813 446 3890 forsan
473 3813 576 3888 etiam
601 3813 738 3910 alicujus
758 3812 888 3910 collegii
910 3817 1043 3891 numina
1072 3815 1194 3914 scripta
1222 3817 1347 3916 legum,

333 3959 403 4021 tur.
453 3939 589 4014 Etenim
607 3937 776 4013 ilustrium
801 3940 1007 4015 acbenede
1022 3943 1113 4041 Rep.
1139 3942 1350 4034 merentium

330 4069 485 4166 virorum
516 4056 638 4150 statuat
663 4061 699 4150 ia
720 4063 797 4172 forn
834 4086 962 4172 ponere
986 4067 1198 4179 consuevisse
1222 4071 1344 4166 Magi·

329 4195 415 4248 '²
804 4199 813 4225 ³
1022 4235 1026 4246 «
1214 4193 1343 4294 hun
