2850 5278
341 541 411 596 100
561 513 1114 594 GALENI

305 693 307 696 ’
341 690 365 766 fi
396 690 432 762 in
455 685 589 783 reliquis
615 687 671 762 vel
700 685 912 762 mediocriter
940 690 1088 766 versatus
1111 678 1209 778 esset.
1270 700 1348 778 Has

343 839 406 914 age
424 813 609 889 videamus.

329 943 332 951 '
395 944 497 1018 Locos
521 965 614 1036 quam
643 941 791 1037 plurimos
820 943 1027 1038 emendavit.)
1085 944 1191 1019 Dubii
1215 946 1325 1023 sumus
1336 1009 1352 1045 ,

251 1051 253 1054 ⁵
346 1063 630 1162 impudentiamne
644 1087 686 1136 an
703 1062 868 1160 stuporem
887 1067 1034 1161 Editoris
1060 1071 1164 1168 magis
1183 1075 1352 1160 miremur.

347 1189 529 1291 Impudens
546 1187 605 1278 srt,
629 1185 686 1284 qui
705 1189 906 1284 profiteatur
931 1191 964 1263 se
989 1194 1126 1288 plurima
1152 1199 1354 1292 praestitisse

299 1323 303 1332 '
348 1322 385 1396 in
407 1340 450 1390 eo
476 1335 620 1413 genere,
644 1312 679 1386 in
701 1337 769 1412 quo
788 1312 866 1386 nihil
888 1313 1025 1389 omnino
1045 1317 1227 1414 praestitit:
1250 1325 1356 1424 stupi-

349 1447 433 1534 dus,
460 1433 517 1536 qui
540 1436 650 1534 speret
679 1439 844 1512 nemiuem
869 1437 961 1525 fore,
989 1445 1046 1539 qui
1067 1445 1151 1522 hanc
1167 1452 1354 1530 vanitatem
1417 1463 1418 1470 ’

350 1561 606 1642 animadvertat.
672 1563 738 1637 Sed
772 1541 932 1638 malumus
965 1567 1070 1642 lenius
1098 1575 1273 1669 judicare,
1316 1607 1356 1656 ac
1417 1601 1418 1604 ’

352 1691 467 1790 potius
488 1687 554 1759 hoc
568 1685 779 1780 ,ignorantiae
804 1688 951 1763 tribuere
976 1693 1146 1786 Editoris,
1180 1702 1238 1794 qui
1253 1706 1358 1798 piane
1417 1697 1418 1782 ζ

351 1812 518 1914 ignorasse
532 1809 687 1902 videtur,
703 1810 782 1907 quid
801 1811 1029 1924 lit-emendare}
1060 1821 1152 1895 Nam
1169 1825 1262 1898 locos
1280 1853 1358 1904 cor.
1417 1861 1418 1960 p

353 1936 587 2033 ruptislimos‚
620 1961 687 2010 non
712 1957 842 2013 tantum
866 1939 993 2015 sdentio
1015 1947 1188 2039 praeteriit
1211 1953 1353 2047 multos,
1417 1963 1418 2038 5

351 2063 410 2139 sed
426 2062 549 2135 multos
565 2061 666 2134 etiam
665 2081 856 2216 tamquam
870 2068 963 2140 sanos
987 2065 1185 2148 vindicavit.
1235 2077 1353 2175 Itaq'ue
1417 2087 1418 2162 ἶ

353 2191 437 2287 Cap
462 2187 549 2262 VH.
575 2164 759 2256 Kaulr
717 2209 787 2272 our,
824 2165 965 2278 npuoir
985 2172 999 2256 ὅ
1023 2176 1212 2281 Πλάτων,
1232 2183 1355 2278 ducan-
1417 2177 1418 2196 i

352 2301 408 2420 ςὲς
439 2299 479 2386 ai
505 2308 572 2388 ‘ruit
603 2302 766 2420 πατέςων
792 2305 928 2421 dgerui·
976 2315 1198 2428 reprehendit¹
1218 2321 1354 2398 Charte·
1417 2413 1418 2430 χ

353 2449 461 2537 rium,
487 2443 544 2543 qui
563 2442 656 2518 dedit
676 2449 787 2550 eloco
806 2445 915 2522 vitiosr
931 2441 971 2557 ri,
1007 2451 1097 2549 quod
1114 2473 1166 2528 est
1183 2455 1217 2532 in
1235 2460 1355 2538 Aldina

355 2569 593 2656 etBafileensr‚
610 2571 728 2666 etipse
747 2596 866 2646 verum
877 2573 1045 2669 judicarit
1061 2580 1245 2658 Kochlerus
1268 2589 1356 2662 acci·
1417 2625 1418 2628 ¹

255 2759 257 2764 .
355 2698 453 2797 piens
479 2717 542 2789 pro
570 2677 727 2775 ἇληθὸς,
756 2679 879 2779 ¹iil'tnrt!
916 2701 1044 2777 nescius
1074 2691 1105 2790 ‘qi
1115 2706 1180 2780 dici
1204 2733 1270 2827 pro
1301 2700 1361 2790 ω’ς.
1417 2733 1418 2786 3

357 2821 468 2918 Igitur
497 2835 539 2889 ne
563 2812 822 2910 exspectandum
847 2823 983 2919 quidem
1008 2849 1097 2921 erat,
1122 2819 1258 2927 utquid
1281 2861 1361 2913 cor·
1417 2903 1418 2936 2

355 2939 449 3041 ¹rupti
475 2937 709 3013 emendaretur
725 2940 767 3014 ab
790 2963 856 3034 eo,
879 2948 936 3043 qui
956 2953 1010 3026 vel
1033 2955 1114 3034 haec
1135 2961 1362 3060 pervulgatis·
1417 2969 1418 3034 ξ

354 3067 434 3146 frma
450 3063 593 3139 nesciret
608 3079 645 3136 et
664 3060 738 3139 sana
754 3066 839 3142 adeo
859 3096 1106 3175 corrumperet.
1130 3107 1243 3182 neque
1259 3093 1360 3168 etiam
1417 3105 1418 3186 j

258 3215 261 3224 ¹
354 3189 607 3293 postulandum,
633 3209 672 3264 ut
689 3193 799 3266 locum
818 3195 899 3272 dieti
917 3204 1076 3280 Platonici
1093 3227 1245 3304 notaret,
1271 3223 1418 3330 quod

355 3315 498 3392 exstat
487 3337 522 3387 1n
545 3317 745 3393 Menexeno
768 3347 801 3418 p
825 3335 908 3416 408
943 3335 1004 3421 C.,
1038 3355 1074 3407 et
1079 3335 1284 3432 repetitum
1311 3363 1418 3419 est

353 3437 503 3516 inlibro
515 3461 571 3532 qur
563 3437 817 3522 subPlutarchr
831 3475 966 3529 nomine
977 3455 1083 3530 fertur
1092 3461 1360 3545 deLiberorum
1417 3491 1418 3506 ¹

354 3559 630 3658 Educationep.
671 3591 702 3642 r
736 3572 775 3646 Β.
834 3577 939 3650 Porro
971 3583 1055 3678 Cap.
1070 3587 1143 3661 ΙΧ.
1178 3610 1366 3688 aturrugr-
1417 3621 1418 3626 ,

356 3675 467 3782 alell,
504 3695 595 3794 quod
619 3697 679 3776 vix
708 3727 794 3800 puer
819 3709 951 3806 ignoret
983 3715 1053 3787 esse
1083 3738 1117 3786 tu
1142 3707 1342 3818 gi'nritu
1285 3749 1367 3801 τους

357 3810 533 3916 πηγοὺς,
569 3824 682 3892 bene
661 3849 772 3917 jacere
800 3838 906 3922 rul,os
938 3857 1049 3914 novus
1073 3851 1242 3946 lnterpres
1266 3873 1362 3926 nova
1417 3927 1418 3934 l

356 3953 486 4032 ratione
502 3955 596 4036 ducit
609 3981 653 4038 ex
673 3955 840 4074 usia-auga
861 3967 975 4043 bellica
989 3979 1149 4064 machino
1197 3983 1257 4060 Ad
1275 3987 1365 4060 sum·
1417 4079 1418 4086 Ν

1267 4135 1365 4192 mum
