2868 5282
344 435 396 530 or
478 417 738 502 ournrcr
773 417 1081 496 nnrsrotn
1122 417 1204 495 nn

345 599 527 692 oderico,
555 596 634 674 satir
653 597 851 695 pervulgata
878 593 965 669 sunt.
1016 591 1173 690 Diligens
1204 613 1261 669 est
1281 597 1356 674 ani·

346 725 534 808 mdverfio
554 723 692 814 erroris,
714 721 749 798 in
776 745 877 817 quem
897 719 1068 796 Corfinum
1088 719 1225 796 induxit
1248 725 1351 800 Dod-

344 856 483 948 velm,
506 851 565 952 qui
580 849 768 924 Xenoclem
791 847 1013 922 advcrlarium
1035 845 1075 922 tlt
1093 847 1256 922 viliorem
1277 854 1356 928 Eu-

343 979 520 1084 ripilinin
552 974 864 1074 Olympionicarum
887 993 1029 1050 numero
1057 973 1258 1072 posuerunt,
1284 976 1354 1050 de·

344 1105 441 1206 cepti
466 1103 545 1180 falsa
574 1095 791 1198 inscriptione
825 1099 944 1196 capitis
975 1097 1066 1196 apud
1089 1099 1266 1175 Aelianum
1294 1107 1353 1184 V.

348 1237 402 1316 Η,
432 1233 487 1322 II,
520 1237 564 1322 8,,
597 1225 855 1327 quamdudum
886 1223 1147 1326 reprehenderat
1182 1229 1354 1310 Kuhniur.

347 1361 444 1444 Nam
463 1355 500 1432 in
516 1353 705 1452 Olympicir
725 1351 877 1428 nonfuit
900 1355 994 1426 locus
1018 1351 1175 1451 Tragion
1199 1361 1356 1436 certami.

348 1485 468 1576 nibus,
491 1501 577 1578 quae
597 1481 698 1562 Nero
715 1479 850 1554 demum
869 1477 1036 1557 induxit?
1323 1474 1327 1484 ’

370 1677 376 1695 ,
400 1609 605 1706 „Denique
624 1606 750 1682 dicitur
770 1604 814 1678 de
844 1606 999 1701 praemiis
1021 1607 1230 1699 victorum,
1255 1610 1357 1688 Iu'rco

352 1736 597 1836 Tragicorum,
635 1733 767 1808 ficubus
791 1731 1032 1808 comicorum:
1071 1735 1178 1825 vino,
1214 1733 1355 1833 tripode

351 1863 411 1941 seu
434 1859 580 1958 poculo,
604 1857 681 1933 oleo
700 1881 745 1933 ex
762 1856 894 1948 moriis,
918 1858 1070 1933 coronis:
1095 1883 1179 1956 quae
1201 1884 1246 1936 an
1264 1863 1357 1938 Tra·

354 1989 437 2090 gieio
461 1987 502 2064 ὅι
530 1961 699 2074 Cornicis,
728 1982 768 2060 u
794 1983 947 2059 omnibus
968 1981 1060 2080 feliis
1082 1989 1275 2084 promiscue
1297 1993 1358 2066 tri·

356 2117 440 2192 buta
461 2111 544 2202 fint,
560 2109 691 2186 definiri
709 2107 862 2208 nequit.”
887 2111 927 2184 In
943 2133 1108 2188 marmore
1125 2115 1362 2194 Amndeliano·

355 2237 527 2342 ignoravit
557 2235 744 2336 pannariam
779 2237 1048 2314 emendationem
1078 2240 1222 2340 Bentleji
1249 2244 1360 2343 Resp.

357 2369 401 2451 ad
427 2363 523 2442 eenr
541 2365 638 2464 Boyl.
657 2367 738 2462 Cap.
761 2367 853 2442 VIII
879 2389 914 2462 p.
935 2387 1028 2454 112,
1056 2391 1146 2460 113:
1172 2365 1250 2460 sed,
1266 2369 1360 2445 secu·
1413 2381 1414 2476 l

237 2504 249 2533 ⁴
357 2511 415 2568 tus
437 2489 592 2567 vitiosam
621 2490 821 2582 lefflonem,
842 2513 1018 2589 perperam
1036 2493 1183 2569 Cornicis
1204 2499 1361 2582 obtrudit
1413 2503 1414 2512 '

318 2661 324 2670 ·
358 2615 545 2716 praemium
568 2617 661 2715 quod
676 2621 838 2714 quadrigis
858 2619 978 2692 domum
1002 2621 1169 2698 velantur.

411 2743 572 2838 Sequitur
601 2741 705 2816 altera
730 2740 830 2816 libelli
851 2767 945 2841 pars,
969 2745 1051 2843 quae
1073 2744 1230 2840 majorem
1255 2753 1364 2830 novi.

359 2864 441 2944 tatis
459 2867 599 2968 patiam
620 2865 744 2958 lnbet3
768 2867 894 2966 quippe
910 2871 1099 2946 continetur
1117 2871 1252 2952 duobus
1269 2879 1364 2980 frag-

360 2991 485 3071 mentis
497 2991 715 3090 ,Didascuiae
736 3015 961 3090 marmoreae,
985 2997 1093 3074 altero
1108 3021 1200 3076 nunc
1217 3007 1366 3101 prinum

361 3117 479 3210 edito,
512 3119 617 3194 altero
636 3116 760 3194 ternus
785 3121 956 3218 explicito.
1010 3123 1131 3216 Haec,
1154 3131 1368 3230 quandoqui-

362 3243 441 3322 dem
456 3247 576 3322 breves
594 3245 670 3320 sunt
682 3245 937 3346 Inscriptiones,
962 3251 1029 3326 hoc
1049 3254 1127 3330 Ioco
1140 3279 1367 3356 reponamus,

362 3397 444 3450 curn
465 3394 626 3448 annorum
650 3372 740 3448 notis
767 3392 806 3448 ut
831 3377 873 3452 ab
897 3377 1047 3466 Oderico
1070 3383 1244 3478 expressae
1268 3387 1367 3482 sunt,

364 3483 563 3595 &adjectis
589 3495 776 3596 speciminis
801 3503 913 3608 caussa
940 3503 1137 3604 quibusdam
1159 3510 1233 3610 ejus
1263 3510 1372 3591 inter·
1413 3545 1414 3630 l

364 3623 621 3724 precationibus.
747 3643 749 3648 ·
948 3634 953 3642 '

1263 4142 1373 4240 Frag-
