2844 5250
278 688 280 696 Ι
330 611 357 681 4
408 561 1278 664 snx.nunuu1usrnortnr1us

333 762 507 864 inprimis
537 745 614 836 saint
648 752 730 830 Tib.
762 743 1022 835 Hemlterhufii,
1053 762 1098 814 ex
1133 735 1273 836 epistola
1296 732 1338 809 ad

333 889 565 988 Vlamingiurn
585 865 734 976 scripta:
759 873 799 950 dt
823 877 890 970 Jer.
919 861 1128 956 Marklandi,
1160 861 1347 935 adnotatae.

336 1016 379 1092 ad
400 1015 529 1090 editum
552 1004 765 1102 exemplum,
788 999 882 1098 quod
904 1019 949 1072 en
966 990 1135 1068 Britannia
1156 986 1242 1061 misrt
1258 989 1341 1060 Bur-

225 1161 232 1188 ¹
329 1160 460 1234 'menno
482 1133 666 1213 Dorvillius
687 1124 783 1197 filius.
832 1119 901 1194 Alii
927 1139 1062 1216 quoque
1084 1115 1225 1190 fuerunt
1250 1109 1341 1224 dubii

339 1267 424 1357 viri,
439 1264 498 1364 qui
513 1259 567 1334 sua
588 1253 631 1328 de
654 1241 878 1346 Propertiauis
903 1242 985 1320 locis
1008 1243 1181 1319 obseruata
1205 1235 1263 1314 vel
1283 1225 1342 1334 pel

337 1395 516 1494 epistolas,
539 1378 595 1454 vel
619 1397 681 1476 per
697 1371 881 1467 colloquia,
895 1393 973 1445 cum
989 1371 1179 1442 Burmanno
1192 1385 1342 1441 commu·

322 1512 520 1598 micarent,
553 1502 660 1580 veluti
684 1489 934 1590 Ruhnkenius,
966 1495 1188 1584 Schraderus,
1213 1493 1342 1568 Caune«
1412 1481 1413 1526 l

338 1643 515 1742 gieterus,¹
530 1627 706 1719 Eldilrius‚
729 1625 798 1722 ipse
824 1622 1026 1712 Santenius,
1060 1619 1098 1696 dt
1118 1621 1183 1696 alii.
1412 1699 1413 1710 ἵ

387 1760 453 1839 Sed
477 1759 527 1834 lris
549 1755 655 1854 copiis
678 1749 850 1853 quomodo
879 1747 954 1822 usus
975 1746 1015 1822 lit
1039 1751 1265 1831 Burmannus,
1289 1738 1342 1813 vid
1412 1783 1413 1830 ᾗ

337 1891 486 1967 dranus.
536 1881 682 1960 Primum
703 1877 738 1951 in
760 1874 861 1950 variis
885 1869 1094 1948 lectionibus·
1111 1872 1268 1946 librorum
1292 1889 1345 1940 re·
1412 1857 1413 1900 ³

337 2013 509 2094 censendis
540 2033 614 2084 eam
648 2003 851 2102 criticorum
881 1996 1076 2095 religionem
1099 1992 1233 2070 secutus
1266 2009 1319 2068 est
1335 2009 1363 2084 ,·
1412 2063 1413 2066 a

337 2159 378 2217 ut
404 2137 543 2216 omnino
566 2153 681 2208 omnes
703 2140 999 2216 commemoraret,
1020 2145 1064 2200 ne
1080 2121 1119 2196 iis
1135 2121 1274 2218 quidem
1289 2143 1344 2195 ex·

338 2265 468 2366 ceptis,
485 2283 571 2362 quae
588 2255 767 2334 manifesto
784 2251 881 2328 falsae
895 2247 1098 2326 absurdaeve
1114 2249 1230 2326 essent
1241 2275 1253 2342 ;
1263 2247 1353 2348 quod.

213 2473 218 2480 ,
333 2392 527 2494 J'udicaret,
567 2389 603 2462 in
632 2383 671 2458 iis
697 2394 838 2478 ‘quoque
872 2396 974 2450 verae
1010 2373 1192 2474 scripturae
1231 2375 1350 2453 semina

337 2522 443 2596 latere
474 2513 581 2616 posse.
655 2506 784 2584 Eadem
816 2499 988 2599 diligentia
1016 2497 1165 2575 adbibita
1188 2519 1249 2576 est
1273 2523 1350 2576 enu-

338 2642 505 2728 merandis
519 2633 725 2734 superiorum
749 2625 927 2702 Editonrm
950 2625 990 2703 &
1012 2626 1149 2701 aliorum
1169 2626 1351 2705 ductorum

340 2761 629 2845 emendationibus
645 2773 747 2853 atque
766 2748 1071 2852 observationibus,
1086 2777 1171 2854 quae
1188 2777 1259 2832 non
1278 2757 1351 2864 qui·

341 2889 420 2966 dem
441 2887 591 2986 integrae
623 2881 850 2970 exhibentur,
881 2876 940 2952 sed
970 2871 1091 2989 tamen
1114 2881 1173 2956 suu
1197 2905 1350 2980 quaeque
1412 2905 1413 2910 ¹

229 3014 232 3022 ’
341 3015 419 3094 loco
435 3017 749 3090 commembrantur.
775 3011 880 3085 Porro
894 3003 982 3081 erilis
1001 3005 1135 3082 additur
1152 3006 1356 3085 lestionibus

341 3141 380 3220 δι
397 3135 702 3228 emendationibus,
725 3156 790 3230 qua
813 3129 1052 3228 expenduntur
1075 3133 1131 3206 vel
1156 3134 1198 3209 ad
1217 3133 1353 3208 consue·

343 3268 497 3345 tudinem
515 3265 706 3364 politicam,
730 3259 786 3335 vel
802 3255 844 3360 ad
861 3256 938 3329 alias
961 3233 1121 3334 rationes.
1144 3255 1277 3354 'Atque
1294 3259 1354 3332 lrnc

344 3392 518 3488 occasrone
534 3387 672 3460 subinde
688 3381 898 3482 expromitur
914 3377 1165 3476 interpretatio,
1188 3403 1256 3475 qua
1275 3387 1353 3458 Bur·

342 3537 482 3592 mannus
497 3513 545 3586 ita
560 3511 636 3584 usus
649 3527 723 3598 est,
748 3525 817 3578 non
832 3524 870 3579 ut
895 3503 1023 3588 adeam
1039 3523 1207 3602 tamquam
1230 3534 1354 3608 propo.

342 3642 441 3718 srtum
465 3637 566 3712 finem
589 3631 700 3708 omnia
717 3628 882 3714 referret,
908 3626 965 3702 sed
992 3645 1030 3702 ut
1051 3628 1236 3708 advocaret
1261 3661 1356 3726 earn,

341 3757 721 3858 srquaudovideretur
753 3777 864 3851 opus,
896 3770 1064 3852 tamquam
1095 3755 1369 3838 instrumentum·

343 3883 595 3964 constituendae
624 3880 788 3959 ledlionis.
848 3880 941 3956 Tum
965 3885 1031 3958 loci
1062 3885 1179 3961 suniles
1211 3883 1357 3962 aliorum

323 4022 545 4116 posterum,
573 4009 632 4104 qui
658 4011 693 4084 in
724 4007 846 4084 eodem
872 4029 1071 4108 argumento
1100 4007 1224 4088 versati
1248 4010 1356 4102 sunt,

333 4141 561 4234 adseruntur,
593 4155 704 4235 neque
731 4151 864 4212 tautum
889 4135 1081 4230 Veterum,
1105 4137 1162 4220 sed
1185 4139 1359 4214 recentio-

1279 4285 1359 4347 Tum
