2858 5280
181 489 569 578 nnnraronns
603 491 955 582 nnnvronrs,
1015 515 1128 602 no·

83 674 176 766 nesse
201 695 292 750 enat:
324 675 360 753 in
383 675 502 753 iisdem
531 675 623 750 bellis
654 675 743 754 hond
771 695 848 748 roro
871 675 913 748 ab
937 673 1090 754 hostibus

85 804 234 898 Romani
270 801 414 879 nominis
443 821 660 900 oppugnatae
675 802 810 898 -ipsae,
848 823 928 898 ager
960 801 1094 888 incursu
1228 873 1235 894 „

25 1031 29 1044 Κ
83 931 200 1023 hostili
215 928 366 1025 direptus
388 921 428 1010 ἀ
447 943 609 1007 vastatus.
649 929 755 1008 nelo
771 927 901 1005 Punico
922 927 980 1018 11,
1003 950 1092 1014 annno

83 1057 240 1143 declino,
268 1056 317 1140 V,
346 1057 385 1132 C.
411 1075 509 1154 545,
547 1075 593 1139 ex
625 1051 758 1144 XXX,
788 1077 876 1151 quae
900 1067 976 1128 tom
997 1070 1095 1136 erans

82 1182 204 1284 Populi
239 1179 386 1258 Romani
413 1178 573 1256 Coloniae
589 1223 619 1270 ,·
643 1200 857 1276 negnvemnt
883 1181 982 1273 XII,
1022 1179 1095 1266 edu

85 1309 179 1387 unde
203 1309 324 1385 milites
346 1303 591 1406 pecuniamque
611 1302 740 1386 darent:
765 1306 965 1388 deestabile
987 1309 1097 1388 viliam

84 1433 256 1520 consilinm
292 1432 516 1522 Consulibus,
554 1453 574 1504 a
612 1452 682 1532 quo
712 1432 866 1514 Coloniae
899 1432 1095 1530 caergandll

82 1559 357 1660 increpandoque
376 1557 491 1657 potius
514 1579 612 1658 quam
633 1555 756 1630 leniter
770 1557 903 1655 agendo
924 1558 1120 1640 deducere*

83 1685 238 1787 placuit:
280 1685 372 1788 (Liv.
405 1685 585 1774 XXVII,
619 1677 684 1784 9.).
736 1685 870 1792 Quarto
909 1682 983 1764 fere
1015 1684 1098 1762 Indo

83 1837 195 1904 anno,
229 1813 390 1900 memoria
418 1813 467 1886 rei
494 1809 646 1889 Patribus
679 1829 863 1900 renovata,
886 1810 1095 1893 memorabili

83 1963 166 2024 cum
196 1939 377 2015 severitate
407 1937 629 2026 decernitur,
664 1955 704 2010 ot
735 1935 807 2012 XII
836 1937 909 2018 illae
934 1937 1096 2012 Coloniae

82 2069 229 2152 militum
255 2085 432 2148 numerum
458 2053 664 2157 duplicarem
688 2061 807 2142 darent
828 2059 1097 2158 stipendiumque

82 2194 121 2281 In
154 2194 253 2268 millia
278 2189 362 2270 aeris
394 2184 480 2260 asses
513 2185 676 2284 singulos,
705 2183 890 2284 censusque
916 2187 1097 2286 quotannis

82 2339 248 2414 ageretur
285 2339 306 2388 e
338 2313 483 2388 furnulo
517 2335 537 2384 a
564 2311 727 2385 Romanis
757 2310 957 2387 censoribus
990 2311 1099 2393 datas

88 2443 187 2540 (Liv.
214 2441 356 2528 XXIX,
376 2432 462 2535 152).
485 2437 561 2512 Pari
581 2433 687 2513 modo
707 2435 868 2514 coioniae
893 2437 1101 2530 maritimum⁴
1221 2455 1235 2478 .

87 2545 272 2649 exhaustae
294 2563 391 2642 sociis
407 2565 442 2638 in
467 2563 583 2638 classes
604 2561 714 2653 datis,
733 2561 866 2656 flustra,
884 2563 1101 2645 vacationem

80 2691 280 2788 petierunt:
308 2711 374 2774 nco
394 2683 529 2770 vocatio
545 2689 681 2796 quidem
706 2711 725 2762 a
750 2689 911 2774 militibus
934 2689 1055 2765 dandis
1075 2711 1100 2773 ο,

82 2813 219 2911 legibus
242 2813 375 2892 nensis
407 2813 610 2913 impetrata:
647 2815 715 2912 (Id.
743 2815 945 2906 XXXVII,
982 2839 1024 2910 3:
1058 2813 1100 2902 os

85 2939 262 3029 XXVII,
289 2941 376 3038 38).
428 2942 487 3026 An
506 2963 592 3014 vero
610 2941 726 3014 harum
750 2939 964 3012 Coloniarum
981 2940 1101 3018 condi-¹

84 3064 143 3146 tio
172 3066 213 3138 sb
237 3063 307 3152 hnc
329 3064 407 3149 Inde
434 3082 589 3164 ternpore
611 3061 689 3140 satis
710 3083 869 3159 prospera
892 3083 1012 3168 resque
1035 3064 1104 3161 flovs

83 3207 208 3266 rentes
239 3188 387 3281 fuerint,
418 3190 539 3277 Liuius
563 3187 752 3266 manatione
774 3186 832 3261 sna
862 3211 932 3264 non
964 3191 1103 3288 adjecit,

86 3315 252 3396 Tandem
284 3318 320 3392 in
353 3317 445 3390 Bello
476 3315 597 3392 Sociali
623 3337 742 3414 magna
774 3339 850 3412 pars
886 3315 1101 3396 Coloniarum

83 3442 252 3532 adversus
281 3445 426 3518 Romam
448 3441 680 3539 conspiravit5
713 3440 804 3516 unde
830 3442 931 3518 etiam
956 3443 1103 3538 civitas,

82 3573 191 3666 Lege
223 3565 310 3682 Julia,
334 3567 442 3678 Sociis
472 3567 569 3657 data,
605 3567 752 3645 coloniis
785 3569 978 3658 nonnullis,
1013 3591 1102 3667 quae

87 3715 180 3780 mox
208 3693 297 3766 inter
329 3693 512 3793 munieipia
536 3695 732 3788 censentur,
754 3695 924 3793 impertita
953 3696 1023 3770 esse
1048 3695 1103 3772 vi-

87 3821 212 3900 detur.
263 3821 342 3930 Qua
372 3821 509 3919 quidem
538 3825 655 3922 Lege,
677 3821 771 3898 tanti
795 3819 967 3897 hominum
994 3823 1104 3906 omnia

89 3949 236 4056 generis¹
253 3949 397 4026 colluvie
421 3949 457 4024 in
480 3949 654 4025 civitatem
674 3951 832 4048 receptfi,
856 3947 1020 4047 suffragiis
1044 3973 1106 4023 co·

87 4077 272 4156 mitiorum
295 4077 464 4169 turbatis,
499 4096 538 4156 ut
562 4075 768 4186 Respubliqo
786 4077 887 4187 paolo
909 4095 989 4181 post
1013 4073 1102 4149 essen

89 4205 189 4295 nulla
204 4201 366 4292 effelilurn
380 4199 469 4306 een'}
