2894 5258
262 445 358 594 ¹oo
479 511 537 586 Μ.
587 507 634 584 Τ,
684 503 1137 584 CICERONIS

309 685 353 760 cle
375 683 425 758 nu
446 681 549 756 literis
561 681 725 778 judicium
744 678 914 775 prodidit:
939 699 1012 756 tum
1035 682 1080 754 de
1094 685 1326 776 quorumdam

310 825 467 882 veterum
489 807 644 880 librorum
665 807 702 880 vi
725 803 763 886 dt
788 823 961 878 momento
984 805 1116 880 emdite
1135 807 1323 902 exposuit:

309 953 374 1025 qua
397 931 531 1025 quidem
548 931 583 1004 in
603 949 698 1026 parte
716 929 885 1004 utilissimo
906 932 982 1004 usur
1006 951 1057 1004 eat
1076 931 1212 1006 consulo
1227 936 1322 1009 lan·
1339 952 1354 978 ¹

214 1119 219 1144 ,
311 1057 404 1152 geri,
436 1055 597 1152 praefecti
622 1054 841 1130 bibliothecae
868 1055 1224 1148 Wolfenbuttelanae,
1247 1059 1320 1136 vin*

308 1177 486 1256 doctissimi
505 1179 543 1255 dt
562 1182 611 1252 rei
635 1180 909 1279 bibliographicae
927 1179 1123 1278 peritissimi.

360 1306 451 1392 Sed,
482 1329 566 1404 age,
591 1306 808 1402 peculiarius,
839 1307 947 1403 quoad
969 1307 1041 1402 ejus
1075 1308 1150 1382 lieri
1173 1331 1316 1408 potest,

310 1429 592 1528 Heustngetianae
625 1455 746 1530 operae
768 1433 905 1508 modum
932 1457 973 1506 ac
1001 1433 1164 1507 rationem
1189 1435 1312 1510 descri-
1429 1481 1430 1486 =

310 1559 435 1650 bamur.
488 1561 623 1631 Praeter
644 1557 771 1630 indices
793 1535 1108 1652 depreciationem,
1132 1559 1315 1634 voluminis
1430 1553 1431 1594 ³

310 1685 451 1778 paginae
473 1684 548 1756 sunt
571 1691 657 1762 812:
692 1703 827 1776 quarum
850 1681 997 1778 superior
1021 1709 1114 1782 pan,
1139 1703 1176 1755 ut
1200 1684 1306 1775 solet,

311 1807 407 1902 Opus
426 1807 606 1894 Autioris,
631 1805 768 1880 inferior
783 1808 955 1902 utriusque
971 1807 1164 1905 Heufingeri
1183 1811 1303 1886 Notae

312 1931 477 2006 continet.
526 1932 573 2004 Et
598 1929 734 2030 Joannis
757 1929 890 2026 quidem
911 1933 1086 2008 Michaelis
1103 1937 1218 2008 Notae
1233 1959 1307 2010 non
1434 1951 1435 1958 ‘

179 2147 184 2156 .
309 2055 413 2132 solum
434 2055 650 2132 adorationis
675 2056 942 2132 emendationem
962 2062 1153 2156 pertinent,
1179 2063 1235 2136 sed
1258 2063 1310 2136 in·

308 2183 584 2280 terpretationem
617 2205 750 2280 quoque
779 2183 923 2284 habent,
954 2205 1031 2257 orm
1057 2205 1168 2259 return
1204 2185 1307 2260 histo·

107 2313 110 2320 '
309 2307 477 2401 ricantm,
503 2329 576 2385 turn
606 2311 784 2384 verborum
805 2308 1109 2404 sententiarumque
1141 2310 1310 2384 obscurio·

222 2413 229 2422 ’
305 2458 399 2524 rum,
425 2461 493 2510 non
510 2435 645 2533 quidem
667 2458 741 2516 eam
763 2433 990 2510 ereconditae
1013 2432 1187 2513 doetrinae
1204 2434 1312 2532 copiie
1439 2485 1440 2488 =

304 2561 534 2657 depromtam,
566 2558 690 2657 quippe
715 2583 800 2657 quae
827 2583 889 2634 nee
915 2557 1109 2655 pervulgata
1140 2583 1308 2660 nonnum-

305 2685 405 2782 quam
427 2684 581 2770 omittat,
606 2682 662 2756 sed
692 2701 802 2756 tamen
824 2683 975 2771 dottam,
1007 2702 1152 2772 acutam,
1179 2707 1306 2780 oppor-

306 2829 442 2898 tunam,
467 2803 671 2904 perspicuam
690 2806 774 2882 item
794 2833 834 2882 ae
853 2809 1009 2898 brevem,
1033 2808 1213 2902 utilemque
1232 2829 1304 2878 non
1400 2826 1404 2834 ·

240 3003 245 3014 .
306 2935 471 3012 tironibus
497 2931 600 3008 modo
622 2933 678 3008 sed
705 2935 843 3008 eruditis
863 2941 973 3012 etiam.
1024 2933 1168 3035 Jacobus
1190 2953 1310 3004 autent

305 3061 521 3152 Ftideticua,
558 3083 668 3138 retum
699 3061 1035 3160 interpretationem,
1067 3063 1191 3160 quippe
1209 3078 1306 3154 prae·

307 3205 440 3283 ceptam
464 3209 484 3258 a
510 3188 653 3276 Patron,
684 3209 759 3258 raro
783 3187 923 3284 attigit:
965 3211 1115 3262 ceterum
1146 3187 1305 3260 summam

258 3305 260 3310 ’
306 3307 571 3388 inemendandal
593 3301 899 3412 ‘constituendaque
927 3314 1079 3386 oratione
1109 3335 1221 3385 curam
1246 3321 1309 3406 po'·

308 3436 390 3518 suit:
417 3433 456 3514 &
477 3437 512 3510 in
533 3435 594 3508 hac
618 3455 732 3526 parte,
770 3457 885 3508 nostro
909 3437 1044 3534 quidem
1063 3434 1220 3533 judicio,
1247 3435 1309 3506 Pa·

312 3581 425 3640 truum
453 3557 538 3636 adeo
558 3558 736 3655 superavit.
785 3559 851 3633 Sed
874 3579 912 3635 ut
937 3561 1060 3636 certius
1084 3564 1185 3635 etiam
1211 3557 1312 3630 iutel-

308 3686 454 3784 ligatur,
489 3683 586 3782 quid,
620 3686 684 3781 qua
715 3683 871 3776 ratione,
905 3687 975 3779 qud
1005 3685 1134 3775 modo,
1165 3703 1310 3775 uterque

310 3813 443 3912 egerit3
475 3815 619 3909 primum
641 3809 737 3884 unius
763 3809 932 3905 cujusdam
956 3811 1137 3906 particulae
1160 3810 1313 3884 animad-

304 3939 477 4042 yetfiones·
501 3935 716 4022 notabimus,
763 3933 882 4007 deinde
917 3935 1094 4032 specimina
1128 3959 1149 4008 e
1181 3937 1314 4034 reliquo

308 4087 386 4144 toto
405 4087 507 4166 opere
524 4060 742 4160 proferemus.
795 4059 979 4138 Videamus
995 4061 1099 4160 igitur
1118 4059 1218 4156 ipsam
1244 4061 1309 4156 pri·

1220 4211 1310 4260 mun
