2844 5250
370 504 419 584 ρο
493 443 1297 616 xruorn0N.rlrsr.pnrncr;

363 633 525 742 *Graecae
547 657 717 749 orationi,
731 653 784 730 -ad
802 655 1084 736 constituendam
1099 662 1283 740 lectionem
1298 685 1374 764 per·

365 793 478 868 tinet:
503 785 545 862 ad
561 783 651 882 quod
672 783 811 883 quidem
828 787 1035 885 explendum
1049 811 1168 862 munus
1178 839 1191 880 ,
1210 789 1306 864 libris
1321 813 1373 867 ca·

364 910 435 990 ruit
467 912 629 1011 scriptis,
657 913 715 990 sed
745 913 931 1014 prudenter
955 915 1205 1014 diligenterque
1226 911 1300 988 usus
1324 933 1377 990 est

349 1043 477 1168 ‘editis
535 1041 635 1117 Huic
668 1037 830 1133 deinceps
861 1039 979 1116 inlima
1006 1041 1152 1142 paginae
1175 1059 1271 1140 parte
1299 1041 1375 1116 lub-

359 1173 471 1250 ditum
494 1187 546 1244 est
568 1167 711 1240 alterum
731 1185 840 1260 genus
865 1163 1227 1256 Animadverlionum,
1240 1159 1372 1265 ¹quibus

358 1305 412 1372 re's
437 1291 666 1381 Historicae,
694 1291 992 1392 Geographicae,
1024 1292 1062 1368 dr
1097 1293 1289 1370 sententiae
1311 1295 1369 1370 ob·

358 1415 756 1509 scuritas,illustrantur:
773 1443 843 1518 quo
857 1417 892 1494 in
909 1441 1037 1518 genere
1052 1419 1155 1514 locis,
1170 1420 1229 1520 qui
1248 1419 1369 1520 copio-

278 1597 282 1606 ·
355 1549 419 1624 lius
442 1541 611 1618 tradlandi
638 1541 864 1634 viderentur,
897 1543 956 1643 qui
979 1567 1124 1622 numero
1145 1543 1286 1620 luerunt
1304 1567 1367 1620 oo·

354 1688 462 1762 vern,
498 1666 687 1768 peculiares
718 1671 968 1772 disputationes
994 1669 1129 1756 seorsrrn
1167 1669 1268 1744 datae
1289 1667 1369 1741 sunt

352 1811 502 1876 novem:
537 1796 648 1894 prima
671 1817 749 1892 est,
780 1797 825 1872 de
849 1797 946 1871 annis
975 1796 1056 1870 belli
1086 1789 1365 1892 Peloponneliaci

351 1921 590 2002 numerandis:
617 1921 781 2014 secunda,
807 1924 851 2000 de
871 1925 993 1999 decern
1016 1920 1231 2020 praetoribus
1251 1917 1362 1993 Athe·

351 2051 541 2146 uienlibus,
560 2050 618 2154 qui
634 2049 676 2124 ad
703 2047 1134 2148 Arginusaspugnarunt:
1168 2042 1294 2136 tertia,
1319 2041 1363 2118 de

349 2180 580 2280 Piephismate
612 2178 773 2255 Canoni:
800 2193 957 2276 quarta,
976 2176 1019 2249 de
1041 2171 1183 2250 nornine
1205 2175 1361 2263 Darinoi,

233 2387 238 2394 ,
347 2306 440 2405 regis
461 2307 655 2397 Persarum,
680 2306 719 2383 dt
742 2307 945 2406 genealogia
962 2301 1086 2378 tradita
1103 2303 1143 2374 L.
1169 2299 1222 2389 ΙΙ,
1252 2323 1295 2391 1,
1320 2301 1358 2372 6:

350 2435 496 2532 quinta,
522 2433 566 2507 de
610 2429 840 2506 Theramenis
876 2425 1121 2529 cognomine;
1168 2425 1357 2501 Cothonis:

246 2543 251 2552 ¹
345 2559 470 2648 senta,
502 2559 548 2630 de
576 2558 753 2648 scriptore
776 2556 1002 2644 Anabaleos,
1033 2553 1092 2627 seu
1119 2551 1286 2630 librorum
1316 2555 1356 2628 de

344 2679 580 2776 Expeditione
613 2681 721 2778 Cyri,
747 2701 860 2756 utrum
887 2681 916 2756 is
943 2675 1049 2754 fuerit
1072 2679 1294 2778 Xenophon,
1315 2702 1355 2754 an

346 2801 657 2902 Themistogenes:
693 2805 865 2905 septima,
900 2806 943 2880 de
969 2805 1190 2905 Dercyllidae
1224 2829 1356 2905 cogno·v
1392 2907 1393 2916 Ν

344 2931 440 3010 trine
464 2929 635 3032 Sisyphus:
661 2927 809 3028 octava,
839 2933 885 3009 de
905 2933 1023 3012 Infulis
1046 2935 1223 3035 Splrrgiir:¹
1242 2942 1357 3021 nona,

343 3059 388 3134 de
404 3059 532 3136 Pallene
558 3077 617 3136 aut
640 3063 780 3153 Pellene,
807 3061 988 3140 Arcadiae*
1003 3085 1061 3138 aur
1084 3059 1278 3136 Laconicae
1292 3081 1353 3156 op·
1388 3075 1390 3155 ς

343 3187 446 3286 pido.v
499 3187 661 3264 Tertium
690 3185 837 3285 denique
866 3189 1214 3266 Animadversionem
1246 3207 1351 3287 genus
1385 3227 1387 3273 r

341 3311 491 3388 refertur
511 3313 553 3388 ad
577 3314 732 3386 Graecae
756 3309 919 3388 distionis
942 3315 1014 3389 vim
1032 3311 1292 3411 explicandam,
1315 3309 1349 3388 dl
1382 3277 1386 3449 ί

343 3439 542 3515 continetur
565 3439 674 3512 Indice
694 3433 884 3524 Graecitatis
908 3437 950 3514 ad
974 3441 1103 3513 calcem
1126 3436 1296 3534 lubjsdlo.

393 3567 471 3664 Jarn
493 3585 579 3642 vero
609 3563 679 3639 laus
713 3565 866 3642 Editoris
900 3565 1067 3642 censenda
1091 3583 1143 3639 est
1166 3564 1348 3644 mediocri·

340 3679 440 3784 tite,
477 3693 684 3792 diligentia,
718 3693 900 3768 brevitate.
965 3693 1038 3768 Res
1076 3691 1238 3768 obscurae
1259 3691 1347 3768 haud

339 3841 469 3921 paucae
492 3821 720 3911 illustrantur,
748 3841 818 3893 non
833 3819 972 3918 quidem
995 3819 1158 3896 adhibitis
1175 3817 1347 3895 interioris

278 3920 302 3944 ”
341 3943 518 4024 dominae
535 3945 666 4042 copiis,
692 3943 750 4018 sed
773 3963 887 4020 tamea
911 3945 1043 4020 utiliter
1068 3971 1111 4029 err
1136 3945 1345 4020 observatio·
1373 3989 1374 4035 ,

337 4093 528 4179 neretum
560 4069 880 4171 Geogrrphicarunr
913 4069 952 4150 dr
979 4072 1244 4153 Historicaruni
1311 4047 1373 4142 ln‘

1271 4215 1345 4274 Ver·
