2858 5280
175 517 243 654 riu
268 529 629 607 unumunurn.
654 531 732 608 uu.
764 533 987 608 Huusuuc
1046 553 1090 627 53

96 691 172 802 ium
198 707 353 796 aliorum,
387 705 551 778 orationes
581 705 629 779 ita
660 707 771 802 legat,
802 727 842 779 ut
874 703 987 778 videat
1021 677 1088 778 tion

94 853 192 925 quam
216 807 279 904 lint
300 853 417 917 verae,
441 829 497 902 sed
513 851 611 925 quum
626 828 667 902 ad
680 827 940 923 persuadendum
958 851 1089 900 accom-

95 955 268 1046 modatae,
293 955 319 1028 is
343 981 411 1052 quo
430 953 556 1054 saepius
576 977 739 1051 quamque
765 957 915 1051 relegat,
948 979 989 1026 eo
1015 957 1087 1049 plus

94 1079 259 1156 continuo
293 1079 463 1180 suauitatis
504 1077 731 1174 perspiciendo
769 1076 908 1150 interius
947 1077 1089 1152 attilieio
1182 1113 1188 1122 ·

93 1197 231 1300 capiet.
260 1205 373 1300 'Atqui
395 1203 418 1278 st
439 1204 521 1276 haec
544 1221 596 1275 est
621 1203 680 1278 dos
709 1227 821 1276 earum
845 1184 1086 1300 scriptionum,

91 1349 229 1424 quarum
251 1327 393 1401 effecius
422 1326 536 1422 exigui
559 1330 717 1422 temporis
739 1326 896 1421 opinione
919 1325 1084 1415 cernitur,
1125 1381 1131 1398 .
1155 1377 1158 1385 -

91 1473 218 1548 quanto
240 1437 343 1547 magis
363 1435 501 1524 eandem
520 1454 635 1526 dotem
654 1451 765 1524 adesse
783 1477 841 1550 par
860 1473 912 1524 est
937 1451 995 1522 illis
1011 1451 1087 1525 scri·

91 1578 281 1671 ptionibus,
306 1578 424 1673 quibus
454 1597 565 1650 certus
599 1603 639 1652 ac
664 1577 892 1676 permansurus
917 1575 1089 1647 doelrinue

91 1701 220 1776 fruetus
244 1703 445 1778 continetur.
497 1705 607 1793 Num,
641 1703 768 1778 stratio
794 1701 960 1778 &oratio
983 1698 1087 1772 errori

91 1825 245 1902 veritatis
282 1827 423 1924 speciem
455 1829 634 1926 adjungere
662 1845 802 1922 potest,
843 1827 901 1924 ipsi
932 1825 1090 1929 proseElo

31 1938 34 1947 ’
91 1951 228 2024 veritati
251 1953 431 2048 efficaciam
455 1977 494 2026 ac
519 1957 629 2025 lumen
657 1953 837 2046 adjungere
865 1951 1012 2044 poterit3
1045 1971 1086 2025 ut

89 2073 227 2146 minime
258 2077 443 2150 verendum
471 2076 536 2158 fit,
569 2097 611 2147 ne
645 2073 788 2145 lenione
817 2074 966 2166 quamvis
990 2074 1087 2170 saepe

92 2199 237 2292 repetiti
265 2199 377 2273 talium
402 2200 558 2273 librorum
578 2198 629 2273 vis
651 2219 690 2269 ac
710 2195 853 2268 suavitas
868 2198 1045 2269 minuatur.

141 2323 243 2428 Quod
267 2349 344 2398 cum
367 2327 443 2398 alius
465 2321 561 2396 nobis
581 2320 677 2416 saepe
703 2319 736 2391 ih
761 2317 983 2392 Ciceronianis
1010 2320 1086 2392 scri·
1136 2374 1142 2387 .

90 2449 179 2544 ptis,
204 2469 276 2522 tum
300 2471 407 2545 nuper
428 2449 462 2521 in
487 2444 722 2556 Officiis,'usu
748 2443 861 2520 venit:
888 2442 1007 2539 quibus
1027 2445 1086 2517 de·
1113 2535 1115 2542 y

91 2593 160 2647 nuo
180 2572 327 2670 legendis
345 2591 519 2676 recentem
535 2573 742 2667 voluptatem
759 2567 1087 2664 percepimus,nova
1177 2559 1179 2564 ¹

90 2721 155 2770 nec
184 2719 262 2774 ante
291 2697 514 2772 animadversa
545 2697 631 2769 buna
652 2689 937 2790 deprehendimus.
989 2695 1086 2799 Quo·

90 2847 164 2898 rum
190 2823 322 2920 quidem
353 2822 510 2896 librorum
530 2823 600 2894 laus
623 2843 663 2892 ac
691 2821 890 2917 praestantia
910 2823 1086 2916 quominus

88 2950 196 3048 vulgp
216 2947 439 3042 intelligatur,
472 2945 557 3018 duae
581 2943 656 3017 sunt
680 2947 833 3018 caussae:
867 2967 953 3032 unu,
986 2929 1086 3040 quem

86 3067 256 3167 superiore
278 3071 418 3166 quadarn
447 3069 581 3143 cenfmt
600 3071 874 3160 memoravimus,
906 3056 994 3164 quod
1014 3069 1086 3162 ple·

86 3195 181 3290 rique
210 3195 322 3269 nostrl
355 3215 465 3271 aetate
491 3194 640 3268 hormines
668 3193 946 3290 compendiorum
962 3194 1084 3290 jejuni·

88 3322 152 3392 tati
173 3299 300 3393 adsueti
322 3319 360 3394 ἃ
386 3345 404 3394 u
437 3324 606 3396 Veterum
630 3319 688 3392 usu
713 3319 811 3391 rudes
833 3316 932 3394 sunt:
958 3323 1080 3407 altera,

86 3442 176 3537 quod
198 3443 327 3518 illorum
348 3447 462 3541 captui
490 3445 575 3517 nulla
604 3441 681 3514 satis
703 3443 953 3519 accommodata
975 3443 1081 3517 exllat

86 3565 214 3650 editi0,
250 3572 314 3667 qud
338 3567 542 3666 Philosophia
566 3565 706 3668 Moralie
735 3569 818 3662 apte
839 3589 879 3636 uc
907 3564 1081 3662 perspicue

84 3691 282 3787 explicetur.
320 3697 447 3796 Neque
469 3695 536 3766 hoc
554 3693 600 3766 ita
623 3691 782 3778 dicimlrs,
808 3712 855 3760 ac
871 3689 894 3762 ss
911 3697 1081 3786 eam'ope·

82 3843 172 3907 ram,
201 3820 343 3912 quaein
371 3815 574 3890 emendandi
602 3811 897 3908 constituendaeque
921 3813 1082 3910 scripture
1108 3883 1123 3900 ,Ἴ

83 3945 255 4034 versetur,
277 3961 538 4016 contemnamus.
587 3940 716 4024 lmmo,
741 3935 784 4006 nil
806 3937 943 4032 mugisa
966 3943 1081 4010 nostro

83 4067 176 4142 sensu
193 4069 388 4166 judicioque
407 4067 548 4140 alienum
566 4081 637 4148 eet,
662 4057 719 4158 qui
738 4056 878 4137 eutn'ne
897 4085 988 4133 nunc
1003 4055 1081 4154 ‘qui-

406 4185 423 4284 ι’
511 4191 595 4282 D3
1004 4179 1082 4252 dem
