2850 5278
347 477 416 532 aaa
467 443 851 526 RELATIONES
883 429 1237 522 BREVIORESI

312 643 315 652 “
342 617 1133 726 significamus,eamnobisprobati,cumrerum
1150 619 1348 698 verbomm·

341 773 410 846 que
426 745 702 843 interpretatione
717 743 877 840 diligente
892 759 928 812 et
945 741 1128 838 perspicua,
1145 761 1218 818 tum
1238 747 1346 829 obser.

345 876 482 952 vatione
491 872 565 944 viae
578 869 723 966 artisque
733 867 922 944 disserendi.
950 867 1347 956 Gedilriianimadverfio·

343 1027 404 1080 nes
422 1002 463 1076 ad
482 1002 666 1072 Menonem
685 996 876 1091 pertinent,
900 1012 936 1064 et
951 992 1074 1066 habent
1099 994 1218 1070 indicia
1236 996 1349 1068 erudi-

346 1128 447 1204 tionis
475 1123 562 1198 lraud
590 1119 735 1216 vulgaris
758 1117 970 1216 accuratique
990 1119 1118 1216 judicii.
1168 1125 1210 1197 In
1228 1119 1348 1194 eodem

346 1277 486 1332 numero
503 1247 656 1346 ponimus
676 1245 864 1319 Gottlebcri
893 1245 1123 1318 annotationes
1144 1245 1187 1318 ad
1206 1247 1346 1346 reliquos

345 1381 517 1473 Dialogus.
568 1372 763 1447 Schneidcri
778 1391 903 1466 paucae
927 1370 1014 1445 sunt.
1049 1369 1196 1446 Biesteto
1211 1394 1343 1470 quoque

345 1504 414 1578 laus
444 1502 604 1600 elegantis
640 1499 811 1573 dodlrinae
837 1483 990 1570 debetur.

399 1629 465 1704 Vl.
491 1627 627 1724 Varsuala
651 1629 736 1700 einer
751 1626 918 1715 Metlude,
951 1627 1000 1698 die
1024 1621 1269 1713 Vernunstlebre
1295 1646 1346 1696 aus

344 1751 568 1848 Platoniselrn
594 1753 751 1844 Dialogen
772 1774 817 1824 zu
839 1755 1028 1825 sartulslteln.
1053 1796 1132 1810 --
1156 1745 1181 1822 i.
1204 1767 1236 1819 e.
1263 1747 1350 1822 Peri·

347 1884 449 1955 culum
474 1877 700 1973 constituendae
723 1877 889 1966 Metlodt,
915 1903 976 1972 qua
1002 1875 1181 1948 Diulellr'ca
1211 1897 1252 1946 en
1276 1873 1349 1946 Pla·

346 2011 459 2081 tunicis
481 2004 630 2095 Diulngis
656 2007 859 2097 explicetur:
891 2007 1011 2074 uallata
1035 1998 1078 2090 J.
1104 1998 1147 2090 J.
1175 2001 1293 2094 Engal.
1317 2006 1346 2077 8.

347 2132 497 2204 Baralinl.
530 2136 634 2218 1780.
683 2125 829 2200 Libellus
861 2124 1101 2222 elegantissime
1136 2121 1277 2222 scriptus
1299 2149 1346 2198 re·

347 2257 457 2331 fertur
486 2251 528 2325 ad
562 2249 730 2326 confilium
761 2247 1012 2347 conjungendae
1042 2272 1111 2324 una
1145 2249 1346 2326 institutione

345 2379 540 2476 disciplinae
560 2375 745 2472 linguarum
763 2395 799 2449 et
827 2399 946 2450 rerum.
997 2373 1097 2463 Nos,
1130 2395 1169 2448 ut
1189 2371 1345 2471 ejusmodi

345 2505 566 2601 Dialogonum
599 2502 910 2597 interpretationem
931 2498 1109 2596 plurimum
1137 2503 1247 2576 valere
1264 2500 1347 2598 judi·
1382 2569 1383 2576 ,

343 2652 460 2704 minus
481 2625 522 2699 ad
538 2627 632 2700 usum
648 2624 914 2720 exercitiumque
934 2625 1139 2701 Dialecticae
1163 2625 1347 2716 facultatis,
1382 2605 1383 2609 ¹

344 2755 396 2830 ita
409 2777 482 2826 eam
502 2775 570 2826 non
591 2749 666 2824 satis
683 2748 795 2821 valere
816 2767 973 2846 putamus
995 2753 1052 2824 vel
1073 2752 1113 2824 ad
1128 2750 1349 2826 Dialeets'cam

296 2853 298 2862 Α
348 2878 405 2954 vel
418 2877 459 2952 ad
482 2875 643 2950 Graecam
658 2873 803 2972 linguam
824 2875 1075 2968 addiscendam,
1099 2877 1157 2950 nin
1181 2875 1206 2950 fi
1232 2876 1348 2952 harum

347 3000 522 3101 peculiaris
551 2997 716 3076 institutio
746 3001 972 3099 praecesserit.
1033 3005 1079 3077 Et
1104 2999 1196 3098 quod
1221 3001 1264 3076 ad
1292 3002 1347 3076 lin·

344 3152 448 3227 guam
472 3127 617 3216 attinet,
641 3127 716 3201 satis
737 3129 806 3226 ipse
824 3128 991 3226 perspexit
1016 3127 1167 3218 Atrttor,
1188 3127 1347 3224 juvenum
1380 3217 1381 3238 Χ

224 3351 227 3359 Ι
344 3255 481 3354 ingenia
494 3253 625 3328 distrahi
641 3252 729 3326 inter
744 3257 848 3332 verba
870 3272 906 3328 et
922 3275 994 3343 res,
1021 3251 1079 3326 nili
1104 3251 1194 3349 prius
1217 3252 1348 3349 Dialogi
1380 3241 1381 3307 l

312 3369 315 3380 ’
344 3379 536 3455 orationem
560 3381 722 3456 Graecam
741 3399 898 3454 accurate
916 3376 1160 3468 intellexerint,
1185 3395 1245 3450 aut
1269 3377 1346 3452 Ger·
1379 3439 1380 3442 ,

345 3503 478 3582 matrice
500 3503 678 3578 verterint.
727 3503 913 3580 Dialectica
927 3525 1010 3579 vero
1034 3503 1270 3601 interpretatio
1294 3523 1346 3574 ne·
1379 3527 1380 3608 {

345 3631 439 3707 cesse
455 3652 507 3707 est
522 3631 612 3702 lente
634 3649 674 3700 ac
692 3625 877 3703 difficulter.
887 3629 1071 3727 procedat,
1092 3629 1152 3704 nist
1165 3625 1346 3729 praeparati
1379 3619 1380 3657 ¹

345 3753 411 3830 stnt
438 3757 604 3831 discentes
628 3755 762 3852 aliqua,
796 3753 947 3831 universa
977 3755 1119 3845 saltem,
1156 3754 1347 3854 cogrutionc

349 3879 506 3953 materiae
523 3879 748 3968 Dialedlicas,
772 3880 880 3953 veluti
894 3879 1198 3972 Enunciationum,
1220 3877 1346 3955 Notio·

348 4025 459 4096 uum,
491 4003 737 4082 Definitionum
752 4057 767 4097 ,
800 4003 1012 4082 Divisionum
1029 4061 1041 4100 ,
1074 4003 1369 4107 Argumentatio-¹

1256 4151 1345 4206 uum.
