2850 5278
277 588 281 598 ,
320 506 401 595 :aa
424 487 472 582 o.
500 455 828 574 tuoruum.
852 475 922 560 or
945 472 1051 562 vm
1074 479 1144 563 rr
1166 459 1301 568 rard

227 760 231 770 ,
349 685 394 770 ria
423 671 583 763 consilio,
613 671 658 742 eri
692 655 895 761 rebqaorm
932 673 1074 738 numero
1113 677 1261 764 quatuor
1297 661 1355 745 fioa'

350 808 482 908 elegit,
516 811 658 900 quorum
687 789 779 868 vitas
813 805 850 861 et
881 787 1003 887 placita
1032 807 1213 866 enarraret.
1259 796 1355 900 Quae

349 929 516 1010 enarratio
548 918 738 1024 argumenti
767 933 820 989 eat
850 915 951 1014 ampli
980 919 1073 995 srmul
1104 941 1146 994 ac
1177 921 1287 1018 gravis
1320 941 1355 999 et

349 1055 504 1135 difficilis.
536 1050 623 1127 Satis
637 1044 784 1122 diximus
797 1039 843 1116 de
861 1025 1000 1119 confilio
1016 1043 1215 1142 Scriptoris:
1239 1047 1354 1124 videa
1393 1023 1394 1028 Ἰ

349 1207 424 1258 mus
448 1181 493 1254 de
518 1176 648 1252 ratione
657 1189 757 1270 ,‘qua
772 1167 943 1242 consrlium
964 1167 1123 1244 tranavit
1145 1192 1187 1244 ac
1209 1172 1351 1272 peregit.

401 1308 449 1380 Et
476 1303 621 1400 primum
656 1287 793 1396 quidem
823 1290 1026 1369 admonendi
1058 1292 1134 1368 sunt
1181 1296 1355 1372 harumli·
1393 1283 1394 1376 J

349 1449 497 1506 terarum
522 1422 685 1512 studiosa,
714 1441 759 1493 ne
783 1415 929 1514 iniquius
951 1436 1084 1520 agant
1081 1435 1159 1494 cum
1184 1420 1353 1517 Scriptore
1393 1437 1394 1506 3

271 1635 275 1656 ff
350 1557 449 1656 nujus
469 1548 561 1641 libri,
585 1566 623 1623 et
636 1543 747 1620 ornnia
769 1565 861 1620 nova
882 1541 1107 1643 postulentin
1132 1545 1394 1642 explicatione

348 1699 538 1782 utgrunentr
528 1676 670 1752 multis
694 1671 877 1748 multorum
908 1669 1186 1770 disputationibus
1211 1645 1394 1758 trattatit

318 1795 321 1808 ’
348 1806 437 1882 Satis
460 1803 551 1881 enim
573 1801 676 1878 laudis
700 1801 804 1886 habet
827 1797 991 1900 ejusmodi
1014 1792 1170 1892 scriptio,
1202 1795 1227 1869 fi
1251 1816 1357 1872 mate·

345 1934 395 2008 ria
426 1955 471 2008 ex
506 1923 761 2028 dligenrnsnnir
792 1927 1015 2004 recentiorum
1040 1922 1254 2020 Scriptorum
1284 1925 1353 1999 col

286 2131 290 2144 ,
348 2059 455 2150 teth,
478 2055 515 2132 in
538 2057 614 2132 suos
633 2057 725 2134 locos
749 2056 901 2176 digesta,
923 2069 960 2124 et
984 2049 1026 2122 ad
1052 2049 1282 2146 cognitionem
1303 2051 1354 2125 in·

348 2185 695 2284 terpretationemque
735 2179 947 2275 antiquorum
978 2173 1117 2250 testium
1152 2177 1270 2252 errabit
1300 2176 1394 2254 srt.
1393 2195 1394 2310 p

349 2317 463 2424 Quam
472 2305 745 2414 quidemlaudem
756 2299 1034 2377 Tiedemannus
1024 2299 1278 2377 rtaconsecutua
1289 2321 1394 2396 ent

348 2462 389 2521 ut
412 2441 455 2517 ad
482 2439 569 2514 hanc
589 2428 804 2526 scriptionem
833 2425 982 2500 adferret
1002 2424 1173 2500 seientiam
1198 2427 1354 2529 Antiqui·

205 2569 210 2584 '
347 2570 428 2648 tatia
453 2584 490 2640 et
511 2553 742 2650 Philosophiae
765 2551 855 2626 haud
888 2549 1197 2645 contemnendam,
1228 2555 1354 2656 ingenii

347 2673 552 2791 mturaeipue
575 2681 739 2756 humanae
760 2675 1048 2773 observationem,
1081 2679 1279 2760 modestiam
1303 2685 1355 2760 di.

346 2811 585 2916 ligerumque
610 2829 688 2882 cum
704 2803 824 2904 judicii
847 2822 922 2880 tum
943 2805 1111 2880 orationis
1159 2807 1228 2882 Sed
1245 2834 1356 2907 quan
1393 2805 1394 2900 l

345 2938 528 3041 doquidetn
555 2931 663 3022 totius
700 2929 773 3004 libri
804 2930 970 3006 enarratio
997 2949 1098 3030 atque
1120 2931 1257 3009 censura
1280 2959 1354 3014 non
1393 2937 1394 3036 l

346 3067 471 3150 cadit
461 3091 496 3143 ιη
518 3063 603 3139 fines
628 3055 824 3157 provinciae
847 3039 998 3148 nostrae,
1022 3057 1244 3156 spetnbimus
1269 3085 1394 3161 ope

188 3187 190 3194 ¹
346 3221 416 3276 ram
441 3181 623 3287 scriptoris
653 3181 691 3258 in
722 3179 831 3278 prima
861 3179 936 3260 libri
957 3199 1080 3281 parte,
1111 3203 1274 3283 quaeest
1297 3189 1353 3288 [de
1393 3157 1394 3288 l

318 3407 322 3418 ,
346 3321 499 3424 Orpheo.

395 3443 539 3520 sebbi.
574 3442 612 3516 dr
634 3441 716 3516 Vtra
739 3440 869 3540 Orphei.
917 3439 1175 3520 Demonlhatur
1192 3443 1355 3521 consensa

342 3563 590 3670 Antiquitatis,
615 3565 718 3644 fuisse
742 3565 939 3663 Orpheum,
964 3593 1074 3668 neque
1087 3571 1263 3670 personam
1280 3573 1356 3670 ejus
1393 3569 1394 3646 ἶ

233 3761 234 3764 ,
343 3719 364 3772 a
390 3695 535 3793 postem
559 3693 696 3772 demum
719 3689 897 3768 comtum
919 3694 1000 3768 esse,
1060 3697 1143 3798 Quo
1172 3699 1284 3776 ninus
1305 3699 1355 3772 aa

326 3818 525 3911 -statuatur,
545 3844 613 3898 una
627 3843 673 3896 ex
691 3815 886 3910 veteribus,
903 3817 958 3892 sed
971 3819 1103 3917 gravia,
1120 3824 1237 3900 obesse
1254 3823 1358 3900 vide.
1393 3805 1394 3884 ᾗ

298 3965 311 3992 “·
339 3963 398 4022 tur
420 3941 603 4020 ausloritar
627 3941 840 4056 Aristotelia:
872 3943 968 4040 cujus
990 3967 1045 4024 ex.
1060 3949 1146 4028 libro
1175 3976 1269 4030 nunc
1295 3953 1355 4028 de·
1393 3999 1394 4038 ;

334 4069 472 4176 perdito
500 4057 701 4172 sententiam
731 4066 852 4150 Cicero
872 4088 1037 4150 memorat
1060 4075 1113 4158 N.
1132 4077 1186 4155 D..
1204 4079 1252 4172 Ι,
1286 4087 1355 4175 38:
1393 4167 1394 4172 Ν

1117 4273 1124 4280 .
1286 4210 1355 4284 Or·
