2850 5278
105 495 485 586 RELATIONES
516 497 854 608 BREVIORES.
895 521 977 616 '125

0 686 87 779 ponit
102 699 139 756 et
154 673 322 753 convertit
340 675 382 748 ad
399 675 500 750 finem
518 673 682 770 Logime,
706 673 763 770 qui
782 675 906 770 positus
926 695 980 752 est
1028 671 1032 696 ¹
1137 717 1141 729 ·

0 846 21 879 ,ι
50 805 214 882 doetrinae
240 798 437 898 praestantia
449 810 463 875 't
496 815 534 872 et
560 795 635 874 sunt
663 797 759 893 hujus
784 802 886 895 partis
914 801 983 878 duo
1034 799 1037 812 '

20 935 125 1031 pita,
165 930 307 1004 alterum
332 925 375 1000 de
398 925 534 1023 ingenio
562 919 741 1008 acuendo,
776 923 914 1002 alterum
939 929 983 1003 de
1085 979 1089 987 .

0 1061 135 1133 ontibus
154 1051 348 1142 doetrinae,
382 1045 621 1146 Experientia,
653 1045 836 1144 Lesbione‚
867 1053 985 1130 Medi·

0 1183 140 1256 tione:
172 1177 319 1277 quibus,
354 1171 449 1248 velut
477 1160 708 1244 admonitionis
739 1173 815 1246 loco
846 1179 984 1250 tertium

0 1307 157 1407 rubjic'itu‘r
190 1295 234 1380 de
264 1301 427 1376 Fontibus
456 1297 625 1372 Erromm.
664 1296 871 1372 ,Rationem
899 1322 985 1374 vero

4 1472 23 1499 a
48 1472 55 1503 ι
86 1435 219 1510 secutus
243 1443 315 1517 est,
345 1443 384 1500 ut
408 1427 454 1500 ita
483 1447 554 1498 rem
582 1444 746 1518 quamque
776 1389 886 1518 pririro
909 1427 986 1500 loco

0 1578 155 1650 oneret,
190 1551 301 1651 prouti
323 1552 381 1638 vel
395 1571 511 1636 natura
530 1548 586 1623 sua
602 1547 658 1620 vel
671 1547 794 1622 mentis
810 1549 986 1645 cogitatio-

0 1709 33 1758 ne
57 1681 151 1781 prior
172 1680 275 1772 esset:
301 1695 338 1752 et
359 1697 419 1766 ut,
450 1673 594 1752 Platonis
613 1673 786 1770 exemplo,
812 1673 986 1767 utriusque

0 1820 5 1875 t
36 1806 151 1882 ethodi
172 1807 264 1882 usum
284 1820 515 1902 expromeret,
538 1801 578 1876 ad
599 1821 743 1897 eumque
763 1819 878 1873 omnes
900 1797 984 1870 Dia·

0 1935 121 2008 edicas
144 1933 234 2029 leges
258 1947 442 2007 revocaret.
491 1931 616 2020 Porro,
641 1945 759 2002 vetera
785 1946 863 1996 cum
886 1915 997 1996 novis¹

0 2094 2 2121 ι
23 2112 27 2119 ,
61 2057 258 2155 conjtuurit,
283 2077 322 2131 ut
350 2079 394 2130 ex
412 2055 560 2148 utrisque
580 2054 707 2148 optima
730 2069 881 2145 quaeque
898 2045 984 2120 assu·

0 2220 1 2245 ι
23 2203 114 2273 eret,
126 2207 171 2256 ac
186 2183 374 2272 discentes,
393 2203 471 2254 cum
484 2177 525 2250 ad
539 2179 769 2254 recentiorum
781 2170 987 2270 Logicomm

0 2330 163 2408 mecepta
179 2305 426 2407 cognoscenda,
452 2322 526 2375 tum
544 2301 586 2376 ad
601 2301 811 2396 antiquorum
828 2295 987 2370 Diateffl-

15 2463 91 2512 omm
114 2428 381 2527 intelligentiam
406 2445 556 2502 vocaret.
601 2427 643 2498 In
668 2426 819 2499 oratione
840 2445 924 2498 vero
942 2421 989 2494 se·

1 2585 79 2638 cutus
91 2582 153 2637 est
170 2552 396 2630 Latinitatem
408 2568 444 2622 et
457 2551 725 2649 perspicuitatem
734 2577 746 2640 ;
771 2549 818 2623 ita
833 2548 988 2646 quidem,

1 2709 30 2764 ut
46 2684 237 2766 rudioribus
260 2678 362 2752 etiam
376 2676 640 2767 succurreretur,
671 2671 829 2749 addendis
848 2671 987 2748 subinde

7 2816 208 2911 ..undisque
236 2798 644 2882 nominibusscbolaliicis
667 2799 725 2889 iis,
751 2821 836 2893 quae
858 2799 987 2902 vulgari
1063 2772 1067 2783 Δ

0 2967 30 3020 rt
44 2943 206 3016 diuturno
219 2932 280 3016 usu
294 2951 368 3002 earn
384 2927 617 3002 audioritatem
634 2927 730 3000 nabin
742 2927 835 3012 sunt,
859 2943 900 2995 ut
917 2947 987 2996 non
1091 2987 1094 2990 .

6 3067 47 3140 ,ἰ
63 3085 147 3138 cunr
165 3055 365 3131 obscuritatis
380 3051 529 3148 periculo
550 3047 673 3142 negligi
688 3064 821 3143 queant.
871 3021 988 3141 Atque

15 3183 196 3286 ompendio
234 3159 395 3278 ejusmodi
443 3170 680 3249 conscribendo
720 3171 895 3245 arbitratus
936 3184 990 3239 est

53 3319 162 3414 'ptor,
176 3311 209 3386 se
225 3333 360 3408 operam
376 3305 602 3399 suscepturum
617 3295 703 3406 haud
721 3293 893 3381 inutilem,
911 3270 989 3362 cum

4 3480 10 3505 ι
42 3438 162 3537 cipulis
175 3439 237 3512 suis
247 3493 259 3529 ,
271 3455 345 3510 turo
361 3425 601 3528 aliiselegantis
614 3442 852 3520 accurataeque
867 3415 991 3494 doiiri·

0 3595 52 3643 ιε
73 3565 233 3642 studiosis.
483 3588 489 3603 ·
590 3541 595 3560 ¹

38 3697 144 3788 VIlI.
184 3691 347 3766 Franritti
370 3691 529 3766 Vollmar.
559 3680 756 3790 liciniani„
785 3677 869 3750 Pttt.
896 3669 988 3765 Prof.

4 3823 86 3899 Pali.
123 3819 300 3895 Eatrootd.
338 3813 574 3900 oratiuncula,
614 3811 651 3882 dt
688 3805 826 3878 Ratione
864 3803 990 3878 docendi

5 3950 158 4020 Socratica
194 3949 228 4019 itt
263 3942 417 4044 institutit
454 3933 667 4032 Philosophiae
698 3930 895 4006 Academicis
921 3933 993 4003 irai·

7 4072 108 4148 tanda.
160 4071 234 4146 Cant
258 4067 479 4145 Additamento
505 4064 542 4139 dt
562 4055 713 4138 merloto
733 4057 858 4133 meandi
881 4060 994 4131 Socra·

915 4193 994 4247 tua.
