2868 5282
356 459 759 541 6ANECDOTA
792 457 880 540 GR.
913 461 1311 547 v1utotsoN1=

296 651 297 654 ’
357 635 577 732 „zianzeni,
602 633 1029 712 &exineditisinmultas
1053 635 1131 713 alias
1155 641 1374 756 ejusdemS.

359 749 523 856 „Patris'
537 759 715 836 Orationes
743 759 1025 854 Commentariis,
1059 765 1130 840 live
1157 771 1375 880 Europa-yx

256 879 260 888 ’
360 875 473 983 „stul
504 873 691 994 ἔξηγῖιστι
681 888 831 988 wopam,
865 911 950 985 quae
978 907 1030 963 est
1057 892 1207 1002 ejusdem
1233 902 1366 982 Nonni

360 1004 597 1098 „Monachi;
629 1027 649 1076 e
684 1008 826 1080 Cornuti
861 1011 996 1110 aliisque
1022 1019 1288 1138 Mythograplris
1317 1032 1373 1108 ἃ.

362 1129 603 1224 „Scholiastis
625 1127 724 1204 editis
742 1155 782 1204 ac
805 1131 960 1232 ineditis,
985 1159 1137 1234 mutuata
1159 1166 1214 1220 est
1221 1121 1368 1250 ,sparsa

361 1253 565 1350 „collegit,
598 1253 779 1352 disposuit,
803 1257 880 1334 &
870 1285 905 1335 rn
933 1262 1083 1340 ordinem
1112 1265 1364 1364 alphabetimm

331 1385 333 1394 ’
361 1434 387 1472 ,,
413 1379 576 1476 redegit?
624 1383 724 1458 Haec
749 1384 963 1460 Villoilonus.

411 1509 596 1595 Ceterum,
630 1523 670 1579 ut
694 1503 809 1584 harum
830 1509 1001 1588 literarum
1026 1513 1159 1592 studiosi
1182 1541 1229 1598 er
1252 1523 1365 1606 noſtra

356 1609 499 1704 'censura
522 1630 620 1726 hujus
639 1628 712 1702 libri
736 1631 805 1706 vim
834 1657 874 1708 ac
891 1638 1054 1715 rationem
1075 1641 1204 1738 plenius
1232 1673 1363 1752 cogno·

240 1781 247 1792 ·
359 1755 511 1842 foetent,
536 1753 705 1828 sumsimus
731 1773 837 1832 totam
854 1761 995 1858 primam
1016 1767 1167 1862 literam,
1192 1795 1279 1868 quae
1300 1803 1363 1876 pa·

360 1876 447 1975 ginis
492 1881 539 1958 86
571 1877 644 1950 fere
676 1881 828 1975 quintam
860 1887 972 1985 operis
1007 1911 1138 1987 partem
1174 1900 1360 1994 continet,

362 2017 465 2097 atque
489 2023 624 2098 operam
643 2001 819 2100 dedimus,
845 2031 884 2085 ut
904 2037 1071 2115 quemque
1086 2021 1199 2100 locum
1222 2023 1265 2098 ad
1285 2027 1361 2102 Au·

279 2137 283 2146 “
362 2124 512 2216 morem,
539 2125 834 2231 undehdescriptus
852 2137 958 2229 esset,
983 2141 1194 2226 referremus.
1240 2149 1361 2244 ltaque

360 2249 564 2344 reperimus,
589 2253 765 2354 plerosque
787 2281 907 2358 omnes
923 2265 953 2339 F
955 2265 1094 2342 udociae
1117 2271 1210 2347 locos
1231 2269 1265 2346 in
1286 2272 1360 2348 edi-
1432 2263 1433 2346 l

361 2371 407 2446 tis
432 2393 588 2450 veterum
604 2381 817 2478 Scriptomm
833 2386 923 2462 libris
949 2391 1090 2470 exstare.
1138 2399 1281 2475 Norunt
1302 2401 1363 2478 ha·
1432 2371 1433 2468 l

362 2519 438 2570 rum
465 2508 577 2574 re'rum
609 2504 739 2600 periti,
775 2531 937 2606 quantum
969 2516 1081 2592 variae
1110 2479 1292 2622 scriptume
1320 2527 1363 2601 lit

362 2621 452 2718 apud
469 2645 546 2714 eos,
571 2649 628 2720 qur
620 2626 868 2729 Antiquorum
884 2637 976 2714 locos
997 2647 1053 2720 vel
1076 2645 1282 2743 collegerunt
1302 2653 1363 2728 vel

364 2745 559 2836 laudarunt,
577 2751 688 2826 veluti
706 2756 919 2836 Athenaeum
929 2743 1124 2855 ,Eusebium
1130 2774 1370 2876 ,Stobaeurn,

364 2865 528 2967 aliosque,
544 2873 583 2952 dt
599 2875 872 3001 Iericographos
888 2887 926 2962 u
948 2891 1205 2973 Grammatioos:
1228 2923 1360 2980 norunt

361 2995 463 3070 etiam
477 3017 673 3095 ,quantum
696 3003 732 3078 in
755 3005 795 3080 iis
814 3011 958 3107 positum
980 3017 1020 3092 stt
1044 3021 1243 3100 emendandi
1262 3028 1365 3124 subsr-

210 3177 212 3180 .
363 3097 469 3198 dium.
517 3123 583 3198 Sed
602 3125 752 3202 Eudocia
772 3133 908 3228 quidem
932 3141 1096 3237 ejusmodi
1110 3147 1184 3242 sere
1203 3172 1361 3233 veterum

359 3245 519 3324 librorum
538 3251 698 3347 exemplis
720 3255 776 3328 usa
800 3258 953 3359 videtur,
972 3291 1017 3346 ex
1041 3273 1161 3370 quibus
1187 3297 1224 3350 ea
1248 3277 1362 3354 fluxe·

362 3389 442 3445 runt
459 3395 548 3467 quae
568 3373 735 3473 hodieque
755 3379 921 3467 feruntur.
969 3395 1097 3494 Neque
1113 3425 1197 3476 vero
1220 3405 1321 3479 hoc
1310 3428 1360 3483 rta

313 3573 321 3592 ‚
365 3492 525 3588 dicimus,
543 3521 584 3571 ae
608 3502 632 3574 sr
653 3504 771 3577 nullam
789 3512 950 3590 novitatis
967 3521 1107 3616 gratiam
1125 3551 1192 3604 nec
1206 3531 1359 3608 utilitatis

363 3621 685 3718 commendationem
719 3629 856 3712 haberet
888 3639 944 3716 hic
973 3645 1067 3725 liber
1130 3657 1262 3747 Immo,
1297 3656 1361 3735 nist

361 3739 471 3816 nostra
496 3771 557 3822 nos
580 3751 701 3828 fefellit
722 3755 922 3862 diligentia,
952 3768 1054 3848 habet
1086 3783 1241 3856 nonnulla
1270 3805 1359 3878 quae

313 3913 315 3918 ,
360 3883 406 3938 err
447 3880 690 3954 commentariis
722 3885 777 3960 vel
817 3889 951 3966 ineditis
986 3889 1042 3971 vel
1077 3905 1215 4000 perditis
1247 3907 1376 3985 sumta

177 3968 182 3980 ’
359 3987 566 4076 videantur:
599 4001 700 4083 habet
727 4013 827 4087 etiarn
846 4017 1005 4110 quaedam
1031 4047 1173 4124 eorum,
1204 4035 1370 4129 quaein

1252 4155 1359 4235 editis
