2850 5278
133 522 1114 640 n.r1nn.ornr.nrrn.vnr.cnrnn77
1190 467 1219 521 ''
1275 489 1282 498 ’

572 852 663 958 VI.

95 1175 381 1286 ⁸(iriechealortoic
427 1179 517 1295 erfle
554 1171 827 1294 Philosophea:
872 1185 958 1274 oder
986 1123 1109 1282 [alm

155 1325 233 1410 aad
247 1321 415 1437 ¹Systeeoe
445 1322 505 1408 des
536 1324 727 1435 Orpheos,
749 1323 993 1437 Pherecydes,
1010 1333 1106 1422 Tha-
1132 1385 1140 1402 -

155 1467 208 1550 les
247 1463 325 1551 aad
358 1463 624 1575 Pythagoras:
661 1492 728 1556 roa
763 1469 950 1556 Dieterich
982 1473 1103 1562 liede-
1279 1464 1285 1482 ⁸

153 1617 274 1693 malms
530 1613 538 1640 ‘

552 1825 581 1921 i.
612 1861 649 1922 ec

93 2037 217 2142 Vitae
243 2075 280 2146 et
307 2039 452 2148 Placito
473 2057 796 2171 Vetustisfimoram
816 2043 987 2150 Graeciae
1007 2039 1101 2148 Phi·

141 2199 390 2311 losttphorum,
424 2202 597 2308 Orphei,
639 2198 881 2308 Pherecydis,
917 2199 1099 2300 hloaletis,

123 2341 422 2451 Pythagorae:
470 2341 611 2422 tollore
649 2335 834 2423 Dietcrioo
877 2339 1101 2462 liedemann.

138 2475 369 2588 Prffessre
396 2477 676 2587 Antiquitatum
692 2493 730 2560 et
753 2495 912 2566 ceteram
929 2479 1099 2587 Lingua·

137 2641 227 2703 rum
255 2618 295 2698 in
328 2615 477 2725 Collegit
511 2615 707 2718 Corolino,
746 2635 784 2702 ct
802 2617 987 2728 societatis
1011 2621 1099 2704 Aa·

135 2757 384 2872 craecorum
415 2757 636 2868 wytonae
657 2737 809 2868 noega.
855 2767 893 2847 o.
931 2763 1094 2875 nostae.

147 2903 274 3004 1780.

79 3085 296 3227 Magnum
316 3144 352 3202 et
378 3123 512 3205 difficile
535 3135 589 3203 est
610 3123 685 3202 libri
711 3139 965 3226 argumentum,
991 3131 1092 3210 doeio

82 3271 122 3327 et
145 3243 290 3352 diligens
308 3253 495 3354 argumenti
518 3254 708 3368 explicatio.
767 3255 872 3352 &rjus
896 3255 1095 3352 explicatio-

83 3375 140 3453 nis
162 3376 216 3452 vie
236 3396 274 3452 et
296 3379 384 3452 ratio
404 3396 444 3455 ut
458 3402 502 3455 ex
518 3379 614 3454 brevi
630 3375 740 3456 nostro
760 3376 972 3454 enarratione
993 3379 1093 3457 intel·

28 3595 30 3608 Ι
81 3503 210 3602 lignun
222 3557 235 3598 ,
266 3505 430 3582 dicemus·
459 3507 604 3606 primum
640 3505 685 3580 de
723 3503 859 3580 confilio
890 3503 1090 3604 Scriptoris,

79 3629 208 3706 deinde
236 3629 280 3706 de
305 3631 410 3708 m'odo
439 3657 508 3728 quo
540 3627 712 3706 confilium
748 3628 895 3728 peregit.
967 3631 1014 3705 Et
1048 3629 1092 3706 de
1160 3693 1163 3700 ,

81 3757 221 3836 consilio
247 3757 405 3860 quidem,
432 3757 523 3862 quod
553 3759 588 3860 in
614 3755 682 3856 ipsa
698 3753 772 3833 libri
796 3753 1013 3856 inscriptione
1030 3780 1092 3836 ex·
1250 3827 1255 3836 .

81 3881 227 3977 pofitum
250 3905 323 3984 eet,
348 3877 507 3986 quaerere
529 3883 603 3985 quis
629 3879 753 3978 posirt,
778 3881 1014 3980 quid'cauosae
1029 3887 1092 3982 fit,

82 4005 177 4100 quod
206 4007 243 4088 in
272 4011 389 4112 primis
416 4003 716 4104 vetustissimisque
750 4009 914 4088 Graeciae
946 4015 1091 4090 Philoso-

82 4130 157 4225 phio
182 4131 221 4217 hi
243 4137 411 4220 duntaxat
438 4153 584 4260 qrracuor
603 4151 792 4232 ponantur,
814 4159 925 4240 neque
939 4139 1014 4230 alii,
1036 4137 1092 4216 vel

1038 4283 1096 4340 an.
