2858 5280
325 513 403 653 ²³4
531 523 1258 638 n'ursronrrnnns·

361 747 423 804 nos
455 683 677 816 approbantes
701 710 828 832 babet.
877 706 929 780 Sit
957 705 1030 780 ita:
1062 703 1162 779 libros
1187 700 1353 801 -anttpor

368 868 438 926 non
472 843 647 936 diligenter
688 831 937 924 consuluerint,
980 853 1050 906 rern
1093 829 1270 904 metricam
1308 853 1363 902 ne·

367 965 560 1074 glexerint,
591 961 694 1036 multa
717 959 752 1032 in
776 955 905 1032 Comici
932 955 1082 1030 oratione
1114 953 1198 1030 vitia
1225 953 1366 1050 relique·

369 1099 447 1174 rint.
510 1091 560 1163 At
591 1085 741 1184 plurimis,
764 1083 855 1182 ¹locis
890 1103 963 1155 rem
994 1075 1131 1176 egregie
1165 1075 1364 1174 gesserunt:

370 1243 449 1296 cum
469 1209 756 1290 animadversionis
780 1205 967 1282 eruditione
987 1224 1027 1274 ae
1054 1197 1232 1274 meliorum
1249 1199 1366 1274 scetio-

373 1367 453 1420 num
481 1336 695 1414 restitutione
720 1335 906 1420 Kustenrs,
942 1345 1013 1400 tum
1042 1311 1182 1398 Atticae
1208 1343 1365 1398 venusta·

310 1481 312 1489 '
372 1468 416 1542 tis
446 1461 676 1538 observatione
706 1479 746 1528 ac
773 1453 913 1528 sensibus
944 1448 1217 1544 allusionibusque
1242 1453 1365 1524 Poetae

373 1585 558 1690 aperiendis
584 1585 781 1682 Bergierus:
809 1595 948 1674 uterque
978 1571 1165 1657 brevitate,
1185 1574 1365 1670 perspicui.

374 1733 466 1803 tate,
492 1710 673 1807 elegantis,
700 1699 971 1801 opportunitate3
995 1713 1035 1769 ut
1056 1716 1117 1766 nos
1141 1691 1276 1788 quidem
1302 1719 1369 1768 non

374 1835 619 1914 meminerimus
651 1831 787 1906 aliorum
813 1825 960 1900 virorum
985 1818 1154 1894 donorum
1179 1835 1277 1890 notas
1299 1843 1371 1892 rna·

371 1961 438 2062 jori
458 1981 535 2034 eum
555 1957 731 2052 voluptate
753 1953 873 2048 legere.
913 1949 960 2021 Et
977 1967 1058 2020 vero
1080 1940 1251 2038 Bergienrs
1267 1941 1371 2038 ,ipso

372 2082 488 2183 judice
513 2077 709 2168 Brunckio,
741 2073 908 2169 complura
933 2067 1166 2144 retradiaturus
1193 2065 1297 2140 fuisse
1319 2065 1372 2140 vi·

379 2209 480 2284 detur
500 2225 626 2294 errata,
649 2203 674 2278 sr
702 2201 770 2300 ipse
793 2194 1025 2273 describendae
1046 2192 1187 2268 editioni
1214 2189 1371 2287 praesuis·

308 2413 312 2422 ,
379 2331 441 2410 set.
490 2333 603 2440 Quare
623 2325 841 2411 arbitramur,
873 2318 1043 2395 Bruncltio
1072 2318 1228 2415 pleraque
1255 2317 1373 2390 acerbe

379 2458 471 2533 dieta
490 2451 664 2560 festinanti
683 2446 869 2535 excidisse,
893 2465 1056 2540 eumque,
1083 2462 1123 2519 ut
1151 2447 1223 2544 ejus
1245 2461 1299 2538 est
1318 2442 1376 2514 hu·

217 2634 222 2644 ·
381 2582 546 2671 manitas,
570 2573 766 2654 clementius
787 2570 915 2646 sensisse
929 2589 1026 2667 quam
1042 2567 1215 2666 scripsisse.

434 2701 635 2778 Continetur
655 2699 738 2771 haee
753 2693 860 2770 editio
875 2693 1109 2802 Volummr'bus
1126 2713 1377 2794 quatuortquo

381 2851 456 2906 rum
479 2847 541 2924 per
562 2820 626 2896 tria
650 2819 757 2916 priora
772 2817 967 2892 distributae
985 2813 1058 2888 suist
1074 2815 1283 2889 Comoediae
1300 2843 1378 2890 cum

380 2945 540 3034 Brunclrii
572 2943 947 3034 Animadversionibus3
991 2937 1106 3014 ordine
1140 2961 1212 3012 non
1239 2939 1377 3035 quidem

383 3079 545 3177 vulgato,
570 3081 768 3152 nec'tamen
788 3067 973 3158 deteriore,
996 3083 1036 3140 ut
1063 3066 1112 3138 ita
1126 3085 1278 3163 quaeque
1290 3067 1378 3163 prior

385 3203 619 3289 exhiberetur,
642 3194 755 3294 prouti
786 3193 927 3292 primurn
953 3189 996 3264 ad
1019 3189 1201 3266 editionem
1230 3192 1382 3287 expolita

387 3327 517 3406 suisset.
567 3321 675 3420 Igitur
696 3323 803 3417 primo
825 3317 1007 3396 Volumine
1027 3315 1159 3400 exstant
1181 3314 1382 3413 Lysutrata,

386 3444 772 3543 Thesmophoriazusae,
805 3445 940 3534 Ranae,
972 3443 1110 3535 Plutus,
1133 3464 1242 3542 usque
1261 3439 1305 3514 ad
1325 3465 1381 3538 pa·

321 3597 324 3602 ·
389 3573 623 3677 'giuamupsz
658 3568 821 3667 subjesiae
839 3567 913 3640 sunt
943 3567 1062 3640 Notae
1087 3565 1129 3638 ad
1153 3583 1299 3664 quatuor
1317 3564 1382 3637 ilias

292 3761 295 3764 -
389 3701 550 3796 Fabulas,
573 3691 701 3800 paginis
728 3708 809 3786 291.
846 3691 1003 3766 Secundo
1020 3690 1207 3766 volumine
1226 3689 1306 3765 sunt
1322 3689 1383 3762 Ec·

392 3823 600 3912 cleiiazusae,
631 3819 771 3906 Nubes,
803 3815 917 3906 Aves,
952 3817 1117 3913 Vespae,
1131 3810 1259 3912 paginis
1283 3834 1384 3907 310,

391 3963 465 4020 tum
494 3947 612 4020 Notae
642 3941 685 4018 ad
716 3965 770 4032 eas
794 3941 985 4039 paginarum
1019 3961 1101 4035 257.
1130 3934 1300 4011 Tertio·
1316 3935 1386 4011 sun:

332 4119 334 4124 ,
391 4069 563 4170 Equites,
602 4065 830 4144 Achameoses
846 4115 875 4158 ,π
897 4067 995 4161 Pax,
1030 4071 1253 4165 Fragmenta,
1280 4065 1383 4138 multi

717 4221 721 4233 ·
1295 4209 1388 4263 nunt
