2850 5278
348 493 425 570 106.
567 475 603 554 G
674 471 918 588 Asia-E
993 475 1035 555 Ν
1107 481 1126 555 1

347 661 475 766 quippe
490 651 682 733 i'anissmtut.
731 651 850 732 Eiffit
868 652 957 752 apud
971 651 1167 753 Euripidem
1182 641 1352 744 Phoeniss,

349 763 433 885 4o7:
459 781 551 884 prior
574 779 689 856 versus
714 774 761 858 ex'
782 777 963 882 Jomstae,
995 783 1078 856 alter
1108 804 1153 859 ex
1185 785 1355 885 Polynicis

349 911 490 1014 persona
512 907 648 984 dicitur.
693 906 742 982 lit
765 897 934 983 m'tasnen
957 908 1035 984 sunt
1050 909 1195 1011 magilhi
1208 910 1357 1000 Aestbe·

349 1035 407 1130 ti,
432 1035 491 1136 qui
510 1035 569 1110 fibi
589 1033 647 1112 soli
667 1032 782 1130 sapere
801 1027 981 1124 videntur,
1004 1038 1149 1140 reliquos
1167 1035 1361 1137 migentio.

346 1163 392 1240 ris
416 1162 577 1242 studiosos
591 1157 782 1247 doctrinae,
807 1174 976 1252 tamquam
992 1162 1181 1257 operarios,
1206 1181 1361 1238 contem.

353 1311 467 1376 nunt
509 1289 644 1384 Operae
673 1277 820 1382 pretium
861 1301 916 1358 est
945 1307 1151 1384 cognoscere
1170 1287 1356 1365 vanitatem

354 1413 546 1518 Seyboldi,
578 1407 636 1506 qui
660 1406 703 1480 de
723 1405 920 1485 Aestbetica
942 1410 999 1486 sua
1029 1409 1076 1486 ita
1097 1407 1264 1505 professus
1289 1431 1360 1505 est,

353 1562 395 1619 ut
414 1565 483 1618 non
499 1533 669 1614 Professor
685 1523 732 1610 ex
755 1535 912 1612 cathedra
930 1533 1170 1632 pronunciare,
1194 1535 1250 1613 sed
1265 1561 1362 1636 prae·

355 1667 507 1770 stigiator
530 1663 566 1738 in
589 1659 666 1736 foro
695 1659 944 1736 multitudinem
963 1659 1006 1736 ad
1034 1659 1256 1758 spectaculum
1281 1664 1361 1739 arti·

357 1795 427 1872 ficii
446 1811 636 1868 convocare
650 1785 835 1864 videretur.
885 1792 926 1866 ln
944 1785 1293 1867 commentatiuncula
1319 1789 1361 1866 de

357 1907 558 2038 Eloquentia
574 1913 737 2002 Homeri,
765 1913 871 2012 Jeme
902 1915 947 1990 A
968 1935 1073 2010 1771.
1095 1913 1209 2008 edita,
1233 1931 1275 1990 ιιι
1299 1915 1360 1992 alia

358 2045 572 2132 omittamus,
596 2033 644 2116 i'ta
657 2035 852 2130 effaturt,
854 2026 978 2130 Inus
996 2061 1081 2138 quae
1095 2041 1138 2117 ad
1158 2019 1360 2120 αἰσθητικαὶ

354 2167 602 2270 „pertinent,
625 2151 775 2242 nondum
799 2154 988 2244 exhaustus
999 2185 1053 2242 est
1073 2166 1151 2244 sons
1174 2163 1253 2240 artis
1282 2165 1360 2242 Ho-

315 2394 318 2404 „
352 2293 556 2390 „mericae
614 2298 701 2370 Cum
739 2289 828 2366 enim
868 2292 987 2370 Critici
1026 2291 1231 2392 superiorum
1272 2308 1358 2366 tem·

352 2445 524 2520 „pnsum
547 2419 607 2497 vix
623 2417 711 2494 aliud
733 2407 944 2530 quidquam
933 2443 969 2494 tn
991 2417 1053 2510 iis,
1070 2439 1157 2515 quae
1181 2411 1277 2488 nobis
1306 2437 1359 2485 re·

350 2605 378 2648 „
403 2549 510 2642 stant,
534 2543 777 2620 monumentis
788 2546 994 2619 Graecorum
1016 2541 1232 2642 sperarent,
1258 2561 1357 2636 quarn
1404 2527 1405 2601 l

349 2726 376 2770 „
400 2672 511 2748 varios
542 2651 724 2745 verborum
755 2669 859 2759 usus,
890 2669 1051 2750 lectiones
1088 2670 1122 2745 in
1154 2665 1360 2744 variantibus

349 2853 377 2904 „
400 2777 706 2896 probabiliores,
683 2779 942 2929 significationes
962 2795 1120 2888 rariores,
1142 2817 1222 2896 prae
1240 2793 1360 2871 bisin

347 2977 374 3021 „
398 2921 571 3022 ingenium
591 2905 822 3020 scriptorum
810 2907 1004 3016 inquirere,
1035 2919 1133 3024 idque
1157 2944 1201 2998 ex
1219 2937 1361 3019 tempo·

347 3074 498 3146 „,mm
532 3042 669 3146 gentis,
702 3061 739 3118 et
769 3043 898 3142 patriae
936 3045 1065 3122 ratione
1096 3043 1284 3148 colligere,
1317 3067 1358 3126 ut

348 3228 378 3272 „
400 3173 651 3264 mitiusdicam,
670 3165 766 3246 obliti
781 3157 893 3247 sunt
921 3168 1026 3274 Quod
1057 3195 1135 3248 cum
1158 3173 1297 3272 cogito,
1321 3193 1359 3250 et

347 3353 374 3396 „
400 3321 461 3376 cur
484 3300 608 3376 Cn'tica
630 3323 690 3398 per
712 3297 879 3376 ducentos
894 3295 1033 3398 amplius
1050 3321 1174 3392 annos,
1186 3321 1255 3376 non
1275 3319 1358 3394 eos,
1403 3321 1404 3326 ‘

346 3447 484 3522 „quos
506 3423 588 3498 aliae
609 3404 787 3515 scientiae,
814 3420 971 3498 breviori
967 3422 1083 3524 longe
1106 3426 1269 3526 temporis
1282 3425 1356 3525 spa
1403 3501 1404 3508 χ

343 3549 473 3652 „ti0,
503 3547 694 3648 progressus
725 3547 876 3642 fecerit,
910 3546 1067 3646 inquiro,
1098 3549 1188 3626 ratio
1208 3554 1358 3632 maxime

213 3703 215 3709 ι
345 3729 371 3770 ,,
392 3675 570 3774 probabitis
593 3675 731 3751 videtur
768 3673 849 3750 ιιιι
878 3675 988 3770 haee,
1028 3677 1120 3775 stud
1143 3679 1356 3780 Pffi¹⁰s⁰rffi³

321 3843 372 3900 r„
398 3821 608 3881 contemtum
622 3801 672 3876 sui
694 3785 742 3876 ita¹
758 3801 798 3877 srt
816 3801 913 3895 ulta,
929 3823 969 3877 ut
989 3799 1151 3883 Kusteros
1166 3805 1356 3902 Bentlejos.

342 3979 369 4026 ,‚
393 3949 460 4032 que
481 3929 524 4004 ad
549 3927 741 4008 steriliorem
765 3951 903 4037 rerum,
935 3949 1022 4028 quae
1041 3931 1084 4010 ad
1105 3931 1206 4013 solaro
1228 3932 1353 4008 Gram-

1228 4111 1256 4154 ar
1278 4079 1351 4134 Μ·
