2850 5278
146 504 383 597 annona.
407 507 479 590 nn
512 505 748 590 trrnnnn.
782 512 979 596 srunrn.
1028 548 1078 620 oo

70 695 273 772 bledtamen
300 687 345 763 dc
375 685 444 784 ipsa
471 708 604 785 quoqne
627 685 778 766 editione
802 685 981 770 dicendtun
1002 719 1076 792 esc,

69 819 149 900 licet
169 814 388 916 injucundum
413 811 467 891 srt.
514 812 561 888 Et
579 811 722 910 primurn
745 809 881 910 quidem
904 817 1076 920 inscriptio

70 949 162 1046 plena
185 957 241 1016 est
256 935 434 1027 vanitatis,
466 961 552 1037 quae
577 962 655 1014 cunr
676 963 739 1038 per
761 938 796 1014 se
819 938 887 1038 ipsa
907 941 942 1018 in
962 945 1074 1043 legen·

70 1070 151 1147 tium
173 1064 291 1143 oculos
311 1063 487 1154 incurrit,
511 1081 585 1140 turn
609 1065 714 1162 magis
736 1064 838 1140 etiem
863 1085 1001 1164 apparet
1028 1093 1074 1152 ex

64 1193 261 1292 singularum
287 1190 360 1286 eju
389 1188 536 1286 partium
559 1191 765 1291 cognitione.
813 1193 941 1272 Eunus
968 1193 1073 1298 igitur

63 1343 126 1418 per
138 1335 273 1422 purten,
299 1333 339 1393 ut
358 1317 547 1397 videamus.

113 1514 206 1619 Quid
218 1511 342 1606 dignum
358 1526 453 1602 tanto,
461 1501 561 1604 ferat
573 1507 624 1622 liic
636 1471 807 1620 promitsor
823 1509 928 1594 Malu}

61 1659 205 1764 Primnm
227 1681 538 1780 Graecesepnratim
563 1679 688 1784 edidit.)
712 1737 716 1748 .
737 1686 849 1794 Quam
861 1682 1068 1762 sententiam

58 1811 187 1886 tribuat
210 1804 332 1883 Editor
352 1806 403 1882 his
429 1809 566 1900 verbis,
597 1805 667 1907 ipse
691 1805 826 1902 viderit
887 1811 982 1887 Nam
1006 1805 1068 1890 etsi
1195 1896 1234 1925 Ι.
1385 1837 1389 1850 ·

56 1937 231 2014 Fabricius
253 1931 289 2008 in
314 1932 521 2010 Bibliotheca
548 1933 679 2012 Graeca
701 1933 804 2012 nullae
828 1936 1068 2015 memoraverit

57 2039 246 2167 peculiares
266 2059 363 2158 hujus
385 2058 484 2134 libelli
500 2060 688 2138 editiones:
709 2079 827 2134 tamen
840 2061 1023 2160 seperatim
1045 2083 1067 2142 a

54 2183 194 2284 reliquis
218 2183 336 2262 Galeni
358 2184 489 2282 scriptis
503 2187 614 2264 editus
634 2205 686 2262 eet
700 2183 887 2285 aliquoties
936 2187 1069 2264 Memi

56 2313 169 2400 nimus
193 2333 255 2388 nos
282 2309 401 2386 videre
425 2309 505 2384 duas
521 2311 719 2386 editiones
701 2335 743 2388 -1n
758 2307 926 2403 Britannia
941 2309 1065 2388 facias:
1135 2369 1141 2382 .

58 2458 92 2516 et
114 2437 284 2523 credibile
312 2451 365 2510 ert
386 2436 620 2534 aliarpraetcr
639 2435 704 2511 bat-
724 2435 903 2536 prodiisse,
934 2436 1068 2519 libriin
1225 2485 1229 2492 .

54 2563 165 2662 prioris
185 2559 231 2638 ad
244 2557 381 2638 studia
364 2561 558 2660 juventutis
578 2547 834 2636 accominodati.
887 2561 954 2638 Sed
975 2562 1067 2640 hunc

53 2709 202 2763 errorem
229 2705 269 2760 ut
291 2685 391 2760 facilc
413 2685 640 2764 condonamur
661 2685 823 2780 Editori,
854 2685 905 2762 ita
934 2684 1066 2764 vanitat

55 2833 174 2892 tamen
189 2813 264 2922 ejun
278 2807 356 2912 inde
374 2805 613 2908 cognoscitur
692 2863 706 2874 .-

103 2943 272 3018 Editionrr
303 2936 459 3034 principes
484 2939 566 3010 inter
592 2931 632 3034 se
658 2938 823 3034 wirntone)
875 2939 955 3014 Hae
983 2935 1062 3018 sunt

49 3039 204 3153 Aldina,
236 3057 438 3161 Basrlecnsrs,
471 3075 509 3132 et
526 3059 750 3138 Charteriana.
797 3055 877 3136 Nos
896 3061 962 3136 hoc
985 3064 1060 3164 qui

49 3191 136 3308 dem
156 3207 278 3262 munus
292 3207 359 3260 non
375 3183 492 3259 severe
507 3163 549 3260 a'b
563 3184 712 3280 Editocc
718 3185 946 3286 exigebanus.
990 3183 1061 3262 Sed

48 3337 189 3408 tamen,
210 3310 290 3413 quia
304 3309 373 3410 ipse
393 3308 473 3385 illud
487 3310 655 3410 professus
678 3329 753 3406 cst,
777 3331 954 3399 notamus,
980 3329 1060 3386 eum

47 3446 146 3524 hanc
162 3435 442 3538 comparationem
459 3435 599 3514 subinde
616 3436 821 3538 neglexisse:
838 3433 964 3527 veluti,
975 3438 1060 3534 Cap.

50 3569 144 3650 x11.
175 3555 242 3634 ‘cair
261 3552 374 3654 μιλόν
391 3539 450 3650 ci,
482 3564 541 3668 ubi
558 3540 597 3632 ‘ri
622 3562 792 3640 omittitur
808 3561 844 3638 in
867 3559 1056 3638 basileensi:

50 3689 183 3770 ibidem
204 3705 273 3785 pro>
296 3683 505 3796 εὖτυχιῖταιι
520 3683 638 3766 eadem
652 3685 882 3792 editiohabet
904 3675 1060 3790 εὐτόχη·
1195 3749 1200 3761 .

49 3857 140 3919 rut:
177 3837 261 3936 Cap.
275 3835 384 3934 ΗΠ,
405 3832 502 3914 dedit
517 3819 716 3922 rusticior,
734 3855 796 3932 pro
812 3851 894 3946 vera
912 3829 1060 3908 lenione

48 3975 243 4052 editionum
266 3967 449 4060 κονίεσθαι·
484 3969 644 4066 verum,
668 3971 760 4072 quod
784 3971 957 4064 diximus,
989 3971 1058 4046 ilat

49 4103 137 4202 duat
165 4096 379 4200 professioni
406 4117 520 4203 parter
542 4120 587 4175 ne
602 4083 879 4180 ¹tnentoratsctnus
902 4092 1087 4294 quidenna
1180 4121 1183 4126 ·

441 4297 443 4302 .
537 4223 620 4304 Gt
