2858 5280
154 463 545 544 nunnrrouss
576 403 921 550 saumones,
992 504 1064 580 135

54 643 270 742 privatorum
286 643 387 733 auia,
409 641 532 741 partim
553 643 712 738 avaritia,
735 647 857 745 partim
874 646 958 726 odiis
976 655 1061 736 civi.
1107 645 1109 649 ’

53 771 144 846 libus
169 793 210 844 ac
231 768 389 868 religiofis
409 769 657 866 susciperentur
678 771 863 884 Coloniae,
896 777 984 854 casui
1008 805 1060 856 re.

51 917 197 994 rumque
226 893 385 970 fortunae
415 916 489 969 earn
511 895 775 972 committerent.
826 901 887 999 Jus
911 903 1061 985 civitatis

53 1025 165 1100 verbo
189 1020 324 1120 quidem
352 1043 392 1098 ac
415 1021 552 1098 nomine
573 1021 765 1097 retinebant
795 1025 981 1122 Coloniae,
1021 1055 1073 1106 re.

49 1147 277 1238 amittebant,
309 1145 422 1222 saltem
445 1171 514 1224 non
544 1147 603 1222 nisr
628 1147 808 1226 admodum
841 1122 1073 1232 imminutum

49 1271 230 1350 habebant.
278 1273 372 1348 Nam
389 1274 467 1371 jure
490 1273 639 1371 suffragii
659 1273 694 1346 in
718 1277 813 1350 Urbe
839 1275 972 1354 ferendi
996 1306 1059 1358 ex·
1088 1371 1091 1378 ¹

48 1397 292 1495 cidebant,qui
309 1385 527 1476 in'coloniam
543 1399 774 1476 deducendam
791 1401 946 1499 adscripti
961 1429 1067 1502 erant·

49 1509 149 1602 cives
176 1523 340 1599 Romani:
376 1547 442 1600 nec
475 1524 516 1600 iis
546 1524 664 1598 census
685 1528 818 1600 Romae
845 1545 946 1620 erat,
989 1553 1059 1608 neo

48 1649 216 1724 honorum
244 1649 469 1748 petendorum
486 1650 543 1748 jus
564 1649 623 1724 nisi
649 1649 683 1722 in
705 1652 857 1729 Colonia.
908 1657 1056 1740 Tributa
1081 1746 1088 1756 ‚

47 1774 329 1871 imperabanturla
347 1777 494 1864 Senatu,
519 1793 559 1853 ut
579 1773 618 1852 ἃ
635 1775 776 1866 milites,
794 1774 834 1852 ἃ
847 1777 883 1851 in
901 1783 1052 1858 Coloniis

46 1899 219 1976 maritimis
250 1901 367 1998 copiae
399 1900 544 1976 navales.
593 1900 676 1974 Nec
703 1901 780 1998 ipsis
810 1927 900 1980 arma
922 1906 1052 2003 sumere

43 2028 187 2117 licebat,
212 2049 256 2104 ne
275 2025 429 2098 lacessitis
452 2009 590 2120 quidenl
602 2024 715 2097 hostili
731 2025 873 2121 impetu.
923 2031 974 2102 At
988 2031 1062 2117 suis,
1108 2121 1115 2138 ν

45 2155 146 2250 rebus
164 2151 224 2250 ipsi
243 2147 411 2246 superesse
432 2165 609 2243 poterant,
635 2147 726 2244 leges
747 2148 807 2224 fibi
831 2151 870 2230 ἃ
883 2155 959 2250 jura
975 2152 1063 2226 scri··

44 2278 148 2366 bere,
173 2275 240 2350 suis
257 2274 385 2370 iegibus
406 2267 621 2346 innocentes
635 2270 923 2367 aninadvertere3
948 2277 1052 2356 modo

38 2425 86 2475 ne
124 2397 284 2474 Coloniae
309 2395 370 2489 lex,
391 2389 630 2473 intercederet.
684 2397 779 2480 Nam
794 2399 829 2474 in
853 2404 967 2494 SCto,
992 2401 1055 2500 seu,

37 2523 166 2622 Populi
187 2523 285 2618 lege,
310 2520 376 2622 qual
393 2518 624 2594 deducebatur
649 2521 810 2616 Colonia,
834 2525 906 2622 ejus
927 2526 1051 2604 consti·

39 2643 255 2738 tuendae&
274 2643 492 2720 deducendae
512 2641 656 2720 formula
669 2665 741 2722 erat
754 2652 934 2746 propofita.
984 2655 1051 2727 Ce·
1110 2623 1117 2634 ³

43 2769 417 2883 terum‘relinquebatur
429 2767 534 2844 facies
549 2771 654 2870 Reip,
669 2775 845 2878 Romanae
863 2775 904 2856 dc
919 2775 1056 2860 lormaz·
1111 2877 1116 2887 ¹
1269 2837 1273 2848 .

45 2918 114 2974 erat
149 2901 311 2986 Senatus,
345 2895 581 2972 Decurionurn
616 2901 784 2988 nomine,
831 2925 909 2974 cum
942 2904 1047 2998 magi·

44 3023 222 3113 stratibus,
271 3017 504 3109 Danuuius,
563 3017 769 3110 Aedilibus,
817 3022 1043 3114 Censoribus,
1082 3005 1109 3042 '⁶
1150 3083 1154 3090 ,

45 3149 150 3251 (Gell.
176 3147 287 3237 XVI,
330 3140 416 3240 up).
467 3143 642 3220 Interdum
671 3143 1046 3244 Colonioedescriptae
1105 3123 1108 3130 ⁵
1142 3149 1145 3156 ⁴

44 3275 115 3352 sunt
149 3273 183 3348 in
199 3273 373 3350 formulam
392 3271 476 3346 Iuris
497 3253 695 3349 Latinorum
716 3269 756 3347 dc
781 3269 912 3358 Italici,
938 3267 971 3344 in
995 3272 1046 3348 bis

42 3405 111 3500 jura
155 3423 290 3499 quoque
325 3398 459 3496 privata
491 3395 677 3504 Quiririum
712 3396 911 3472 amittebant
951 3391 1047 3472 cives

45 3528 190 3606 Romani
212 3526 346 3603 nomina
368 3527 402 3599 in
423 3523 462 3598 iis
482 3521 701 3614 deducendis¹
713 3520 874 3620 pmfesst:
900 3543 939 3634 ut
961 3523 1051 3601 adeo
1123 3514 1125 3520 ’

46 3656 137 3748 vix,
169 3653 228 3730 nili
260 3652 425 3753 pauperes
456 3648 496 3726 dr
520 3650 647 3747 egeni,
684 3649 742 3746 qui
770 3649 863 3724 domi
897 3650 1054 3738 civitatis,

46 3781 193 3858 fructum
208 3780 268 3854 fibi
286 3799 345 3857 aut
367 3779 528 3878 exiguum
547 3793 606 3851 aut
625 3775 752 3852 nullum
770 3773 841 3848 esse
868 3772 1051 3888 videbant,
1082 3877 1085 3885 ι

45 3909 178 3982 nomina
208 3905 286 3982 dare
318 3903 461 3982 voluisse
500 3900 692 3978 videantur.
742 3899 883 3983 Fabium
911 3927 1053 4004 quoque

48 4032 240 4126 interdurn,
276 4050 314 4106 ut
345 4029 416 4128 jam
437 4027 592 4124 adscripti
630 4025 848 4104 inColoniar
871 4048 930 4104 aut
956 4030 1045 4104 sorte
1078 4131 1081 4140 Ι

50 4157 139 4240 dotti
165 4155 414 4268 recusarentin
442 4155 595 4232 Colonias
619 4151 680 4230 ire.
730 4153 787 4230 Sic
810 4154 859 4234 V.
887 4157 926 4232 C.
947 4159 1047 4240 260,
1139 4145 1143 4156 ’

499 4281 564 4372 14
970 4299 1048 4356 curn
