2864 5250
146 524 223 600 EX
252 519 383 598 EDD.
409 517 632 596 MUSGR.
659 545 713 600 aa
736 523 990 606 BRUNCK.
1042 537 1088 626 65

76 699 280 778 calamitates
295 693 392 784 suas,
416 690 616 790 injuriasque
639 693 794 792 aJasone
816 699 937 792 illatas,
960 704 998 778 ei
1013 727 1085 781 nar·

72 843 145 900 rat:
167 840 289 920 rogat,
312 837 355 895 ut
380 817 413 892 se
433 817 568 892 exulem
598 819 743 896 Athenis
774 821 957 922 suscipiat:
993 839 1083 924 spem

71 951 103 1024 ei
129 947 282 1026 ostendit
308 941 537 1042 suscipiendae
563 943 675 1040 prolis.
739 945 818 1022 Hac
849 945 906 1048 spe
929 947 1084 1051 indusias
1120 975 1128 992 ·

72 1078 211 1172 Aegeus
227 1069 347 1169 recipit
369 1065 520 1145 Medeae
536 1066 628 1163 quod
639 1066 750 1164 petit,
776 1071 913 1167 ejusque
924 1073 1017 1169 jussu
1034 1095 1085 1175 re·

70 1193 300 1294 ligiohssitnam
316 1189 513 1269 sacramenti
538 1190 641 1266 fidem
657 1189 789 1288 adjicit,
815 1195 848 1270 se
866 1197 1026 1276 Medeam
1042 1201 1085 1272 ab
1224 1223 1254 1266 ·,

75 1324 164 1398 omni
184 1322 221 1398 vi
244 1337 355 1394 tutam
379 1317 633 1414 praestiturum,
657 1315 684 1404 st
697 1319 852 1396 Creontis
869 1341 928 1396 aut
947 1323 1084 1400 aliorum

72 1449 229 1523 satellites
244 1469 323 1523 earn
348 1445 488 1520 Athenis
504 1461 699 1542 repeterent
718 1461 820 1541 atque
838 1447 1006 1524 abducere
1027 1471 1084 1524 co

73 1591 249 1646 narentur.
305 1567 370 1646 His
391 1569 575 1662 contenis,
600 1553 738 1666 Aegeus
769 1573 972 1650 Troezenen
1003 1573 1085 1650 abit.

74 1699 167 1771 Tum
196 1719 278 1771 vero
316 1695 447 1773 Medea
473 1695 597 1798 gaudio
621 1693 815 1786 exsultans,
842 1698 1002 1796 opinione
1028 1699 1084 1775 sua

70 1819 253 1898 virdinum
270 1819 448 1920 praecipit:
476 1821 679 1920 triumphat,
704 1839 842 1919 portum
859 1825 918 1900 libi
942 1825 1082 1924 aperiri,

57 1947 234 2021 malorum
261 1947 391 2030 consilia
415 1965 486 2022 rata
509 1943 732 2050 instntslaque
768 1927 867 2040 esse,
899 1971 1083 2050 eorumque

70 2070 224 2144 rationes
246 2073 382 2169 exponit
412 2072 534 2148 Choto.
593 2071 794 2166 Arcessam,
825 2073 956 2174 inquit,
989 2075 1136 2176 Iaso-,¹
1211 2167 1217 2178 ‚

66 2219 174 2286 nem,
207 2193 305 2294 eique
332 2195 461 2272 blandis
500 2197 614 2276 verbis
652 2199 849 2293 affirmabo,
882 2223 940 2276 me
971 2200 1083 2278 omnia

71 2321 142 2417 ejus
155 2319 241 2398 naa
258 2321 299 2400 ἀ
320 2313 428 2396 novas
449 2322 583 2417 nuptias
600 2324 761 2419 probare;
794 2325 861 2400 hoc
879 2349 985 2402 unum
1008 2349 1084 2402 ora·
1226 2349 1232 2362 ¹

72 2449 139 2538 bu,
162 2466 196 2522 ut
209 2448 340 2524 liberos
360 2457 494 2516 nostros
515 2439 586 2535 ipsc
608 2445 697 2538 apud
723 2447 756 2514 sc
781 2451 937 2526 retineat.
994 2453 1082 2526 Non

71 2573 200 2670 quidem
215 2595 285 2671 ego
296 2625 308 2661 ,
335 2583 375 2640 ut
394 2585 453 2638 eos
474 2563 627 2640 hostibus
646 2564 789 2644 ludibrio
803 2567 1001 2670 relinquam,
1025 2570 1083 2652 sed

71 2717 113 2772 ut
134 2698 242 2800 hostes
262 2695 331 2796 ipsa
347 2711 443 2768 meos
456 2688 519 2764 hac
531 2687 651 2767 smude
666 2691 814 2790 perdam.
864 2689 958 2770 Nam
973 2695 1082 2774 vesti·

68 2841 147 2898 tum
172 2819 307 2921 sponsae
339 2839 401 2916 per
429 2815 548 2891 liberos
575 2839 671 2894 meos
690 2817 866 2918 mittam,
900 2838 941 2895 ut
962 2843 1080 2898 comm

67 2948 211 3024 exilium
235 2965 359 3042 apatre
382 2941 597 3040 deprecetur.
623 2941 827 3041 llla,qumu
846 2946 1009 3021 vestitum
1031 2947 1081 3020 in·

69 3071 192 3147 doerit
204 3123 218 3161 ,
254 3065 293 3143 dt
311 3069 376 3164 ipsa
398 3070 564 3146 continuo
581 3063 735 3161 peribit,
768 3065 808 3140 δι
834 3067 981 3168 quisquis
1006 3095 1081 3148 eam

68 3195 237 3295 tetigerit.
308 3197 404 3268 Tum
437 3215 521 3268 veto
548 3187 687 3288 impium
718 3195 999 3268 committendum
1030 3216 1083 3270 est

64 3327 197 3400 scelus:
248 3319 372 3396 liberos
397 3319 620 3408 interficiam,
656 3317 704 3388 ita
731 3314 847 3390 suadet
867 3315 1081 3392 necessitas
1138 3356 1140 3366 ι

65 3449 206 3521 Frustra
239 3472 315 3522 eam
362 3449 404 3521 ab
439 3445 504 3518 hoc
543 3443 714 3542 proposito
755 3441 951 3530 dehortatur
992 3443 1080 3520 Cho·

65 3595 151 3661 rus,
178 3569 269 3662 cujus
294 3569 518 3646 suavissimum
543 3567 749 3667 subsequitur
771 3571 874 3648 melos
897 3569 939 3646 ad
969 3548 1102 3646 laudes*

62 3698 286 3774 Athenarum
312 3697 542 3796 compositum.

119 3821 167 3896 V.
196 3825 270 3900 681
290 3877 302 3911 ,
324 3824 377 3896 ubi
393 3822 523 3898 Medea
540 3799 592 3897 ex*
610 3823 733 3922 Aegeo
753 3823 902 3922 quaerit’'
934 3823 1013 3924 quid
1047 3823 1084 3906 ei
1167 3791 1171 3801 ⁸
1223 3891 1243 3929 .‚
1347 3823 1355 3842 ‘

63 3947 194 4045 Apollo
218 3945 443 4044 responderit:

145 4107 252 4222 Θέμις
267 4115 309 4204 a'
330 4104 371 4201 dr
386 4113 478 4222 spat
495 4106 645 4232 χςηςμέν
678 4107 792 4198 tilher
813 4116 918 4218 &etih

577 4243 608 4320 E
953 4243 1079 4316 Bntrrc·
