2850 5278
320 550 405 630 ,30
461 467 1257 597 nrtarrounsnnuuio'ars

290 697 293 706 ’
320 667 444 794 Ιιιιιιι,
474 679 613 770 minime
628 683 782 769 decebat
804 711 933 800 novum
953 684 1157 782 Editorem,
1189 691 1249 792 qui
1277 694 1359 772 novi

343 829 413 929 ipse
447 821 494 904 nil
523 822 638 900 attulit
680 823 815 914 praeter
853 793 1079 889 temeritatem
1108 817 1145 890 e't
1185 817 1362 898 inscitiam

346 951 537 1036 Videamus
565 949 742 1045 reliquam
779 940 1033 1042 praefationis
1025 947 1259 1042 partem„
1293 949 1365 1028 Sed
1420 997 1421 1002 =

344 1137 370 1179 „
395 1075 568 1157 nonnullas
583 1068 746 1148 immiscui
761 1065 1047 1164 observationes,
1056 1059 1141 1170 quar
1161 1095 1226 1172 pro
1250 1073 1363 1216 fingu-

193 1219 198 1232 '
345 1207 455 1310 „lari
476 1205 533 1282 sua
553 1197 763 1312 humanitate
792 1216 926 1313 mecum
953 1207 1016 1294 per
1037 1196 1148 1274 literar
1174 1195 1364 1275 communi

342 1390 374 1434 ,,
399 1331 493 1410 cavit
510 1331 653 1432 Touptur
676 1323 729 1398 isla
743 1307 898 1421 magnac,
921 1308 1074 1398 literatae
1089 1321 1289 1401 Britanniae
1307 1323 1365 1397 de·

349 1482 471 1557 „.cus
525 1453 630 1564 Quod
651 1451 693 1529 ad
716 1469 807 1524 meas
829 1449 931 1550 ipsius
947 1449 1073 1550 ubique
1090 1447 1164 1526 fere
1184 1449 1366 1548 intersper·

350 1583 452 1680 „saa
486 1579 738 1659 Adnotationes
767 1578 938 1670 attinet,-
934 1577 1058 1652 muita
1088 1575 1269 1652 Theocriti
1295 1578 1367 1651 loca

280 1795 283 1803 ,
351 1706 525 1806 „novd,
557 1729 592 1780 ιιι
582 1701 730 1795 fallor,
763 1704 840 1778 luce
861 1703 1080 1804 perfundunt.
1133 1701 1180 1778 Et
1204 1727 1249 1780 ne
1272 1704 1369 1778 forte

157 1831 159 1838 ’
310 1905 313 1912 ,
347 1862 378 1932 ’,,
401 1834 549 1925 mireris,
574 1825 855 1921 amcenettor,
879 1827 1070 1930 easpartir'r
1092 1832 1217 1909 Latino
1243 1831 1370 1906 senno·

352 1983 379 2059 ·,,
404 1987 448 2038 ue
464 1956 589 2060 partim
614 1953 805 2056 Anglitano
827 1954 900 2031 esse
918 1953 1141 2053 conscriptas,
1166 1955 1252 2032 scire
1275 1977 1313 2030 te
1332 1979 1370 2028 o·

354 2141 384 2189 ‚,
404 2103 546 2184 portet,
576 2117 619 2136 ·-
642 2083 711 2157 Me
735 2079 865 2184 aliquot
883 2079 1004 2156 abhinc
1029 2083 1124 2158 annis
1146 2085 1371 2160 Animadver·
1420 2103 1421 2144 ι

358 2271 384 2310 ,,
410 2215 517 2290 sroner
541 2211 577 2286 in
594 2207 705 2284 omnia
733 2205 916 2284 Theocriti
938 2207 1055 2307 idyllia
1077 2205 1169 2283 horis
1191 2205 1372 2286 subsecivis

355 2396 384 2436 „
411 2337 590 2438 scripsisse3
615 2333 731 2412 modo·
744 2335 866 2409 Latina
881 2337 1010 2437 lingua,
1042 2337 1149 2413 modo
1170 2337 1373 2425 vernacula,
1420 2325 1421 2416 J

350 2495 385 2561 ·„
409 2479 512 2566 prout
533 2462 615 2540 mihi
640 2461 738 2536 venit
768 2463 806 2538 in
830 2451 1011 2556 mentem,
1037 2463 1151 2562 'prout
1176 2465 1249 2554 fors
1273 2463 1373 2550 tulit,

356 2650 383 2692 „
409 2591 575 2668 adhibita:
597 2609 709 2685 neque
723 2609 780 2660 me
796 2584 912 2684 postea
930 2587 1074 2682 vidisse,
1089 2617 1194 2692 qutun
1205 2593 1276 2690 jam
1297 2593 1376 2666 No·

359 2776 384 2815 „
409 2737 461 2793 ιιι
483 2739 575 2792 meaa
606 2710 835 2820 recensueram
864 2729 902 2786 et
924 2711 1045 2789 seledta
1066 2721 1225 2820 quaedam
1251 2707 1376 2815 Idy'lsia

357 2899 383 2939 „
408 2841 509 2916 edere
530 2839 767 2930 decreveram,
794 2840 849 2914 cui
871 2843 963 2917 bono
989 2833 1074 2918 esse't
1096 2843 1250 2919 futurum
1266 2873 1280 2937 ·,
1314 2847 1377 2918 vel

355 2993 360 3002 ·
358 2947 568 3069 „Anglicas
604 2965 728 3041 Latine
760 2967 818 3043 vel
853 2967 990 3044 Latinas
1022 2968 1165 3066 Anglice
1193 2953 1376 3050 reddere.”

356 3025 475 3174 Hoc
465 3094 568 3194 igitur
580 3089 719 3165 videtur
737 3091 884 3168 Editoris
899 3093 1002 3170 fuisse
1026 3093 1219 3194 confilium,
1245 3083 1297 3171 ut
1306 3097 1380 3171 nui·

355 3217 608 3300 iumcousriium
623 3217 835 3314 sequeretur,
843 3241 884 3296 et
899 3239 1029 3296 temere
1037 3223 1253 3336 ,quidquid
1241 3247 1276 3298 ιιι
1293 3227 1379 3298 buc-

355 3373 435 3426 cam
458 3343 614 3439 veniret,
638 3342 822 3461 effutiret,
852 3369 962 3444 neque
978 3365 1058 3421 tam
1082 3347 1172 3422 esset
1196 3348 1380 3447 pervulga·

360 3493 434 3550 tum
451 3469 653 3584 qtddquam,
670 3471 846 3572 quiaillud
862 3473 1023 3571 arriperet
1038 3491 1075 3546 et
1093 3475 1258 3549 sessoribus
1276 3479 1384 3574 props-

358 3613 461 3673 narat.
519 3595 641 3691 Itaque
662 3605 704 3683 ad
730 3591 827 3696 idyll.
858 3601 888 3676 Ι.
920 3625 956 3676 v.
990 3625 1021 3676 1.
1047 3597 1092 3674 de
1121 3599 1384 3677 cmstruetrone

359 3722 597 3818 partictiarum
610 3699 673 3812 μὲν
706 3737 743 3792 et
765 3701 822 3807 dt,
857 3735 956 3820 quam
987 3745 1090 3799 nemo
1111 3749 1198 3823 poet
1221 3730 1388 3828 ignorat,

360 3847 552 3923 observatio
572 3843 778 3944 longissima,
802 3863 986 3948 tamquam
996 3869 1041 3924 ex
1061 3849 1227 3926 interiore
1251 3853 1391 3928 doetri·

357 3997 418 4062 na,
443 3975 673 4068 expromitur,
691 3991 729 4044 et
740 3970 933 4046 referuntur
948 3971 1034 4048 duae
1050 3977 1193 4074 paginae
1210 4001 1255 4064 ex
1274 3981 1386 4054 Ηοο·

358 4097 504 4194 geveeni
529 4099 613 4177 libro
642 4096 687 4198 de
720 4097 915 4196 roticulis,
936 4124 1016 4190 etun
1045 4103 1393 4188 honorificentissima

1284 4233 1391 4330 ejus·
