2868 5282
198 485 598 588 rusrrffuou·
628 505 718 586 nu.
749 489 787 586 n
814 489 915 591 nu,
951 515 1082 659 77

68 675 107 766 dt
133 681 243 762 Fastis
264 683 465 775 ovidianis,
497 681 536 759 dr
560 680 699 758 aliorum
726 687 884 760 v'eterum
909 619 1067 767 calenda

67 818 189 894 riorum
214 793 408 910 fragmentis
429 792 607 908 probatum
624 827 715 915 erat,
733 809 767 882 id
787 807 924 908 ipsum·
915 816 1064 912 inprimis

65 941 228 1036 testantur
260 937 447 1036 fragmenta
477 938 683 1038 Fastorum,
719 937 762 1010 de
784 938 906 1036 quibus
929 941 1062 1020 senten·

66 1059 143 1142 tiam
168 1063 322 1139 dicimus.—

108 1191 246 1267 Etenim
262 1189 298 1265 in·
314 1190 364 1266 his
378 1185 515 1262 Verrius
532 1195 600 1264 n'on
616 1170 720 1264 modo
733 1173 923 1282 Feriarum,
941 1191 1063 1266 Sacro&

64 1323 202 1416 tumque
224 1315 295 1390 dies
319 1314 445 1390 indicat
461 1337 492 1422 7
508 1291 768 1412 eorumdemque
802 1317 978 1390 Sacronum
1001 1335 1062 1390 aut

65 1443 227 1532 caussam,
263 1449 323 1516 aut
346 1440 485 1525 ratione
535 1442 665 1516 docet:
701 1437 757 1516 sed
781 1463 953 1540 praeterea
976 1459 1087 1538 quoe¹

61 1591 129 1664 que
153 1586 247 1642 notat
278 1591 356 1642 cum
387 1433 594 1680 diesigum
620 1591 724 1642 annos
753 1591 884 1658 rerum,
917 1587 936 1639 a
972 1562 1062 1663 Julio‘

62 1693 217 1783 Caefire,
236 1693 422 1790 Augusto,
441 1691 481 1768 dr
504 1690 664 1782 Tiberio,
687 1689 877 1792 gestorum,
896 1689 1062 1766 honorum

65 1817 225 1916 denique,
250 1842 334 1917 quos
356 1802 704 1916 iisdem'Prmcipibus
729 1819 872 1892 Senatus
895 1813 1065 1910 Populuse

62 1967 124 2042 qne
149 1951 255 2022 Rom.
273 1943 438 2020 decrevit.

71 2113 75 2128 ι
110 2071 208 2172 Quae
245 2091 323 2143 cum
345 2068 393 2142 ita
422 2071 456 2144 se
480 2071 645 2159 habeant,
671 2068 709 2144 dc
735 2069 771 2145 in
797 2065 941 2167 paucis,
974 2086 1066 2163 quaes

59 2215 149 2268 nuno
170 2194 207 2268 in
229 2194 339 2267 lucem
361 2194 549 2290 prodeunt,
584 2213 702 2270 eorum
722 2194 920 2295 smgmentis
947 2193 1064 2290 plura,

58 2343 145 2416 quae
169 2319 278 2392 adhuc
301 2319 555 2414 ignorabantur,
580 2319 644 2394 srnt
661 2340 794 2412 notata,
821 2321 895 2420 quis
917 2341 987 2396 tam
1007 2319 1060 2396 in·
1131 2375 1134 2388 .

55 2451 226 2517 ¹venustus
251 2439 290 2518 dr
315 2459 384 2516 tam
404 2441 562 2517 alienusa
583 2445 688 2542 prisca
708 2447 858 2524 dodirina
879 2466 952 2540 est,
976 2443 1057 2544 quin

51 2571 282 2642 vehementer
304 2565 436 2655 doleat,
468 2567 529 2643 hos
554 2575 673 2646 Festos
696 2577 846 2671 repertos
877 2572 947 2648 esse
972 2573 1060 2650 lace·

52 2719 128 2788 ros,
147 2695 284 2766 mutilos
305 2690 345 2768 de
364 2692 452 2790 quast
472 2693 692 2774 decurtatos?
717 2699 882 2796 Imprimis
905 2700 1059 2776 sranimo

56 2819 254 2894 obversetur
276 2820 464 2918 gravissima
492 2821 606 2897 Verrii
628 2823 830 2911 audiuntur,
854 2825 912 2920 qui
939 2827 1060 2900 Gram·
1180 2853 1187 2864 ·

57 2945 173 3019 matici
195 2965 320 3018 nomen
340 2944 400 3016 suo
420 2947 542 3015 merito
565 2945 733 3030 obtinuit,
758 2969 827 3015 non
851 2946 927 3035 quia
953 2944 1063 3014 Senot

57 3070 175 3144 lastieo
205 3069 346 3164 pulvere
375 3065 524 3159 sorderet
550 3064 742 3168 syllabarum
766 3063 922 3138 minutias
952 3083 1057 3140 aneu-¹

57 3219 155 3293 pans,
179 3193 290 3290 quales
307 3191 408 3265 hodie
432 3189 505 3263 ser'e
522 3186 699 3263 censentur
718 3189 759 3262 ab
777 3187 939 3284 imperitis
956 3191 1065 3286 Viri,

60 3321 131 3400 olim
139 3316 340 3408 Literati,i.
357 3341 408 3408 e.,
426 3337 538 3390 rerum
555 3298 743 3389 divinarum
769 3314 1055 3412 humanarumque

56 3444 346 3536 scientissimi5sed
361 3443 438 3542 quia
453 3442 540 3516 inter
561 3443 702 3515 illustres
722 3439 841 3519 aetatis
862 3440 940 3512 suae
958 3439 1066 3542 viros-3

55 3573 202 3677 (lodus,
216 3586 318 3668 atque
344 3575 500 3642 accurata
527 3567 715 3642 eruditione
748 3563 981 3654 excellentes,
1015 3562 1067 3642 in>

58 3723 96 3773 ea
119 3697 421 3776 Grammaticorum
454 3693 574 3768 Schola
603 3692 765 3784 floreret,
796 3711 882 3787 quae
910 3687 1066 3787 gloriosa·

57 3849 157 3902 nater
172 3825 354 3920 facundiae
376 3820 465 3895 dida
487 3839 585 3894 esta
597 3805 800 3894 Cassiodoro.
900 3849 902 3861 ¹

77 3953 274 4054 ceterum
293 3967 365 4034 noo
388 3945 456 4030 stus
484 3943 723 4044 probabilitatis
757 3941 868 4047 specie
897 3883 1065 4043 disputati

960 4070 1049 4160 1²03
