2858 5280
161 491 241 568 an
259 489 453 571 annun.
474 491 543 568 ar
559 489 716 567 nrusn
734 485 878 564 nrtsr.
895 439 1097 584 carn,¹
1075 475 1082 486 ·

100 647 285 766 quaedam,
315 685 401 766 quae
422 667 483 742 vix
502 687 566 764 pro
587 659 778 740 Homericis
800 659 979 762 agnoscat,
1001 668 1096 764 repe'

100 790 189 866 riet.
221 817 257 868 v.
278 814 309 865 c.
333 789 498 882 versup,
522 769 775 876 nonullam,
796 783 835 860 ἂ
862 783 937 858 alibi
973 766 1097 858 [10an
1143 892 1147 902 Ι
1231 867 1234 878 Ι

99 886 239 1016 alppar
274 947 337 1022 pro
367 928 522 1006 Pictore:
565 947 640 1018 ra,
691 902 788 1018 tolga
825 948 888 1022 pro
921 895 1094 1020 uulgare:

97 1073 200 1158 203
225 1039 318 1143 ἄλφι
346 1079 421 1157 pro
434 1039 601 1146 barra:
638 1081 730 1152 229,
765 1035 969 1172 ἔιιτῖτιμιιι
1002 1085 1071 1162 230
1081 1118 1092 1156 ,

93 1173 256 1292 ipooptltt
273 1215 363 1287 241,
389 1175 575 1286 προθαλὴς
589 1226 598 1276 t
613 1189 703 1290 283,
727 1173 839 1267 inaruit
857 1217 919 1292 pro
942 1177 1091 1292 intollit,

93 1340 165 1398 cet.
214 1321 282 1398 His
305 1316 377 1391 fere
393 1317 576 1392 rationibus
597 1341 756 1410 moveor,
790 1337 828 1394 ut
846 1318 936 1393 hunc
958 1341 1090 1418 parturn

93 1449 251 1522 Homero
277 1443 445 1518 subditum
463 1442 622 1537 credant,
653 1469 717 1520 nec
743 1462 853 1518 tamen
883 1446 924 1518 ab
951 1444 1089 1522 auctore
1227 1469 1230 1478 ·
1260 1511 1278 1524 ,.

88 1569 182 1667 ipso,
213 1569 307 1666 cujus
330 1589 422 1648 aetas
446 1569 544 1644 talem
571 1567 725 1644 fraudem
751 1571 951 1665 ignorabat,
987 1567 1089 1650 seda

88 1693 181 1766 notis
201 1691 262 1770 illir
284 1693 434 1789 falsariis,
467 1696 543 1796 qui,
579 1711 618 1768 ut
635 1693 779 1792 ‘regibus
802 1693 1022 1770 Alexandriae
1048 1695 1093 1778 dt·

87 1819 240 1914 Pergami
270 1817 370 1894 libror
403 1819 509 1894 carius
544 1817 762 1908 venderent,
800 1843 939 1920 operum
972 1820 1087 1896 titulos

88 1945 285 2036 mutabant,
318 1947 458 2022 nobilius
481 1965 631 2036 nomen,
661 1947 756 2024 velut
782 1938 945 2038 Homeri,
977 1949 1087 2022 minut

48 2161 50 2170 y
75 2071 177 2145 'claro
195 2057 444 2146 substituentes.
481 2067 555 2164 Jam
572 2071 613 2140 ad
630 2069 817 2144 Pausaniam
839 2070 928 2165 quod
943 2071 1086 2162 attinet,

86 2196 189 2270 nolim
209 2193 320 2267 dicere
342 2213 421 2265 curn
438 2189 559 2268 Fulvio
576 2183 697 2270 Urlino
715 2191 761 2267 ad
779 2191 900 2288 Virgil.
914 2195 985 2268 Ed.
1005 2197 1085 2282 IV,

5 2321 24 2378 '.
46 2339 56 2352 ·
85 2319 156 2413 ’5,9
181 2339 259 2396 eum
274 2315 643 2414 paramintelligentenr
659 2315 730 2389 esse
750 2317 863 2391 talium
881 2336 992 2392 rerum
1013 2319 1084 2392 erri-

84 2429 298 2515 stimatorem.
349 2443 443 2518 Nam
471 2439 632 2520 Criticum
662 2441 834 2540 egregium
864 2444 899 2519 se
934 2443 1085 2549 ostendit

5 2561 6 2600 ³
84 2563 266 2668 injudicio
286 2565 329 2638 de
346 2563 475 2662 Orphei
497 2565 536 2642 dt
566 2563 700 2645 Musaei
729 2567 948 2660 carminibus,
972 2570 1084 2646 Attic.
1135 2623 1141 2638 ,

87 2713 156 2784 14:
181 2690 224 2762 de
249 2689 393 2764 Homeri
417 2686 624 2777 Thebaide,
657 2692 777 2769 Bneot.
799 2715 842 2817 2:
874 2692 918 2768 de
941 2695 1084 2772 Hesiodi
1150 2793 1168 2803 .,
1312 2715 1314 2719 ·

82 2815 308 2912 Theogorua,
337 2812 459 2890 ibidem
479 2837 535 2910 ιγ.
567 2813 719 2904 ‚Verum
734 2837 864 2908 tamen,
889 2842 965 2896 eum
979 2823 1082 2900 etiam

81 2937 217 3017 Phocic.
237 2956 303 3032 37,
327 2939 504 3034 Hyntnum
519 2936 560 3010 in·
576 2939 789 3033 Apollinem,
816 2941 854 3014 dt
874 2945 994 3019 Boeot.
1015 2972 1082 3042 30,

83 3085 198 3142 ornnes
220 3060 305 3135 adeo
326 3063 507 3162 Hymnos,
537 3057 595 3155 qui
612 3057 671 3131 sub
701 3059 844 3135 Homeri
871 3067 1007 3143 nomine
1031 3070 1082 3142 se·
1223 3117 1228 3124 -

82 3209 231 3276 runtur,
263 3207 326 3282 pro
346 3187 436 3259 veris
461 3209 502 3270 ac
522 3184 685 3284 germanis
707 3185 888 3266 habuerit:
922 3193 1012 3289 quod
1036 3217 1082 3270 ne
1231 3183 1234 3189 ’

83 3312 192 3388 Leoni
215 3309 349 3410 quidem
368 3309 492 3384 Allatio
509 3307 530 3385 l.
549 3331 577 3382 c.
600 3303 640 3382 dt
656 3309 772 3406 Steph.
794 3313 952 3410 Berglero
970 3317 1081 3398 Praef.

84 3435 124 3510 ad
143 3434 265 3533 Odyss.
286 3444 408 3532 μισ,
433 3431 553 3531 quibus
573 3455 673 3505 nemo
695 3433 739 3508 de
763 3435 814 3510 bis
839 3437 987 3536 Hymnia
1013 3462 1081 3514 ma·

57 3561 294 3660 pnificenous
315 3559 440 3666 sensit,
472 3560 657 3656 probatur:
683 3583 760 3636 cum
782 3561 886 3660 igitur
911 3555 1082 3640 Pausaniae
1318 3639 1322 3647 .

82 3705 149 3761 tam
172 3683 277 3758 facilis
306 3681 410 3758 fuerit
434 3682 469 3756 in
491 3681 530 3754 iis
560 3683 714 3759 Homero
740 3686 952 3780 tribuendis,
980 3690 1081 3787 suspi.

84 3835 164 3904 tor,
190 3811 317 3884 illorum
336 3805 542 3904 splendorem
563 3807 609 3882 ira
625 3809 696 3906 ejus
716 3809 830 3884 oculos
850 3815 1079 3908 praestrinxis-

85 3937 142 4027 se,
168 3955 208 4011 ut
235 3931 277 4008 ad
304 3929 479 4006 manifesta
509 3932 648 4024 indicia,
679 3921 797 4030 quibus
822 3935 902 4011 alius
924 3941 1081 4016 Homero

84 3995 224 4175 lbrlptor
239 4057 456 4158 proderetur,
468 4059 674 4160 conniveret.
700 4061 781 4136 Nec
802 4067 912 4139 tamen
928 4065 1081 4158 culquam

538 4157 584 4266 A
594 4206 620 4278 3
963 4163 1081 4264 auttor
