2850 5278
355 573 424 630 tra
573 531 1201 616 GALENI'

351 741 540 822 cognomen
563 713 639 788 addi
664 729 807 808 poterat.
866 707 934 782 Sed
957 709 1136 800 nimirum,
1173 731 1213 787 ut
1237 717 1355 792 Corra·

351 854 420 927 rius
448 845 594 921 summae
634 835 805 911 doetrinae
837 833 935 910 laude
966 857 1200 921 ornamentum
1231 843 1352 920 addidit

353 971 543 1076 Jenensrum
565 964 795 1050 Academiae,
832 960 885 1034 ita·
908 962 1095 1037 Koehlerus
1128 975 1354 1046 ornamentum

351 1103 397 1177 ab
418 1099 469 1174 illa
497 1077 584 1196 p'etit
601 1085 803 1202 Academia,
828 1103 866 1158 et
882 1087 1033 1162 Comarii
1049 1093 1267 1187 appellatione
1285 1095 1354 1192 ipse

353 1231 396 1304 ab
421 1229 493 1326 ejus
525 1201 590 1296 diri
620 1216 717 1292 laude
749 1211 945 1312 particulam
976 1215 1011 1288 i'n
1048 1213 1084 1290 se
1110 1217 1264 1298 derivare
1295 1247 1353 1298 vo.

354 1353 429 1432 luit.
1238 1379 1252 1416 r

352 1514 358 1538 ι
401 1477 525 1553 indices
550 1469 800 1565 locupletisſsmos
830 1467 979 1568 addidit.)
1045 1467 1173 1548 Verius
1194 1471 1351 1563 dixisset,

351 1604 473 1678 indices
497 1599 693 1692 ronirstmor.
742 1595 872 1670 Primus
895 1613 968 1688 est,
992 1600 1176 1685 Annorum,
1213 1603 1266 1691 qai
1289 1602 1354 1671 lau·

351 1731 492 1817 moror,
516 1729 732 1823 explicantur,
757 1725 971 1821 illustrantur,
996 1738 1161 1794 notantur:
1177 1721 1355 1815 secundm,

311 1856 315 1870 ’
351 1857 547 1942 Verborum,
579 1873 658 1946 quoe
691 1851 917 1944 explicantur,
952 1831 1176 1940 illasdonrar:
1216 1847 1354 1942 tertius,

350 1975 484 2054 Rerum.
535 1977 635 2074 Jam,
667 1995 745 2048 cum
773 1971 808 2044 in
837 1969 912 2068 ipsas
944 1965 1296 2046 Animadversionibus
1318 1993 1354 2045 ea

352 2103 395 2180 ut
420 2101 551 2180 vanitas
579 2095 800 2176 illustrationis
823 2116 860 2170 et
877 2097 1129 2196 explicationis,
1156 2109 1256 2194 quani
1277 2097 1356 2170 vidi·

349 2229 451 2323 inus3
485 2225 708 2326 intelligitur,
740 2245 855 2300 mum
878 2223 1028 2300 Iudicem
1056 2224 1118 2300 nisi
1137 2249 1265 2301 vanum
1289 2224 1353 2299 esse
1400 2249 1401 2264 ¹

349 2377 420 2436 non
443 2357 548 2456 posse.
839 2357 844 2370 '
952 2451 955 2457 Ι
1129 2368 1132 2376 ’

401 2488 437 2562 si
462 2487 520 2583 qui
544 2481 636 2556 forte
658 2477 846 2569 mirentur,
877 2473 958 2576 quid
986 2475 1119 2550 massae
1142 2473 1248 2553 fuerit
1268 2475 1352 2577 quod

350 2613 387 2688 in
415 2583 597 2684 levissimae
620 2625 657 2680 et
674 2603 939 2680 contemnendae
952 2601 1110 2678 editionis
1133 2603 1353 2698 descriptione

352 2754 486 2810 tantum
509 2753 631 2830 operae
654 2729 945 2821 consumserunus,
982 2729 1033 2806 lais
1056 2731 1218 2806 affinnare
1240 2731 1355 2826 possm

349 2883 452 2950 mus,
485 2881 547 2932 nos
573 2857 671 2930 unice
688 2845 855 2928 bonarum
874 2854 1041 2930 literamm
1070 2855 1218 2938 shrdiosrs
1240 2857 1357 2930 consu·

349 2984 418 3058 lere
442 2979 614 3070 voluisse3
645 2977 766 3074 quibus
798 2999 841 3050 eo
872 2977 976 3075 magis
1005 2983 1048 3054 ab
1075 2979 1175 3076 hujus
1197 2981 1355 3056 editionis

351 3107 413 3186 usu
442 3105 630 3182 cavendum
664 3103 840 3194 duximus,
873 3127 942 3199 quo
984 3107 1088 3204 magis
1120 3107 1230 3204 ipsum
1265 3107 1354 3180 libel-

349 3229 418 3306 lum
436 3253 555 3306 eorum
571 3227 684 3308 stadis
698 3230 988 3306 accommodatum
1007 3230 1249 3330 judicavimus,
1267 3231 1354 3329 ejus-

349 3367 415 3456 que
435 3355 639 3452 probabilem
663 3353 846 3454 utilemque
867 3355 1051 3432 editionem
1074 3357 1133 3431 diu
1151 3361 1355 3455 optavimus.

300 3541 304 3552 ,
346 3477 424 3556 Sint
443 3477 537 3552 'forte
560 3481 682 3569 etiam,
709 3479 767 3574 qui
790 3498 934 3578 putent,
959 3507 1021 3560 nos
1051 3483 1198 3558 Editoris
1222 3503 1355 3562 tantum

351 3621 480 3680 emores
505 3605 655 3696 notasse,
679 3605 773 3680 reae
794 3605 885 3682 dista
899 3609 1116 3705 praeteriisse.
1135 3645 1137 3652 v
1166 3611 1278 3708 Atqui
1296 3635 1357 3687 nos

347 3723 456 3804 multo
474 3725 585 3821 plures
601 3752 729 3806 errores
748 3751 875 3806 notare.
881 3749 1084 3827 poteramus.
1107 3783 1111 3794 -
1133 3735 1180 3809 Et
1195 3757 1240 3810 ex
1261 3735 1357 3834 igno·

345 3849 453 3924 tantia
476 3849 687 3955 inscitiaque,
713 3861 860 3957 quaessex
886 3853 1051 3930 erroribus
1074 3876 1233 3955 apparet,
1255 3857 1358 3934 facile

345 3973 521 4054 uistunui
553 3997 695 4076 potest,
728 3981 824 4078 quale
846 3968 1073 4074 ¹quantumve
1111 3981 1192 4056 illud
1228 3981 1356 4061 debeat

342 4103 436 4200 esse,
459 4103 550 4202 quod
571 4125 641 4183 nou
670 4083 758 4178 male
785 4101 828 4178 ab
861 4101 1005 4185 Editore
1030 4095 1159 4183 disium
1183 4107 1235 4186 lit.
1310 4110 1361 4181 Et

1264 4255 1350 4312 Vero
