2850 5278
383 523 433 617 9'6
514 501 876 592 nnmrtntus
905 507 981 589 DE
1010 497 1269 592 ELOCUTt
1410 509 1412 526 '

382 697 505 774 buerit.
585 694 619 768 S.
638 689 726 766 CLl.
754 685 811 762 Ad
828 686 1011 787 Sophronis
1023 645 1306 772 locum'laudauda
1320 701 1402 786 ent,

382 817 549 898 correctio
567 819 605 896 P.
630 814 800 915 Leopardi
813 815 957 892 Emeud.
979 816 1034 910 X,
1062 842 1120 896 22⁶
1216 841 1219 848 ·

431 945 479 1022 Et
505 944 589 1018 haec
612 939 749 1040 quidem
771 941 918 1037 exempli
938 941 1051 1024 caussa
1078 943 1210 1022 notasse
1232 945 1309 1022 satis
1327 968 1391 1024 est.

380 1068 510 1170 Neque
532 1065 622 1142 enirn
639 1067 685 1140 ita
705 1065 919 1164 judicamus,
952 1091 993 1142 ac
1013 1067 1040 1144 sr
1060 1069 1147 1146 hatto
1172 1088 1300 1169 purtem
1317 1076 1391 1171 ple·

287 1245 291 1259 .
378 1215 519 1294 rumque
543 1193 743 1292 neglexisset
771 1193 903 1269 Editor.
954 1197 1083 1286 Imuso,
1109 1213 1147 1267 et
1167 1194 1283 1272 isthac
1298 1200 1391 1276 etin

379 1321 512 1417 reliquis
529 1319 700 1416 partibus,
730 1321 874 1396 multum
894 1322 1011 1398 attulit
1028 1323 1215 1422 adjumenti
1230 1313 1274 1398 ad
1293 1324 1391 1400 intel·

298 1523 303 1532 ,
380 1445 550 1546 ligentiam
572 1445 671 1543 hujus
693 1446 787 1538 libri,
820 1471 898 1525 cum
921 1467 967 1523 ex
988 1447 1206 1547 superiorum
1219 1453 1387 1552 Interpre·

377 1597 453 1652 tum
469 1573 595 1671 copiis,
621 1591 696 1646 turn
724 1593 769 1648 ex
789 1571 932 1670 sua‘ipse
955 1571 1200 1652 observatione.
1250 1579 1388 1677 Atque,

375 1723 416 1780 ut
432 1683 477 1780 ni
491 1701 640 1776 dicamus
656 1701 703 1806 us
722 1697 792 1774 atu
813 1700 1168 1792 marvanorum,
1192 1722 1280 1800 quae
1296 1705 1389 1780 reso

377 1849 414 1907 et
430 1829 559 1906 utiliter
584 1844 781 1922 expromere
797 1826 874 1906 sunt
895 1829 937 1904 ud
960 1827 1216 1934 explicationem
1231 1829 1389 1904 emenda·

378 1956 575 2054 tionemque
608 1977 720 2030 rerum
751 1973 789 2032 et
823 1956 1031 2047 verborum,
1072 1963 1301 2054 proponuntrs
1331 1974 1386 2028 eas

376 2105 462 2180 quae
475 2085 510 2158 in
525 2081 640 2180 primis
655 2081 818 2158 indicium
831 2081 1003 2159 doetrinae
1020 2091 1056 2154 et
1070 2079 1233 2158 acuminis
1254 2081 1386 2157 habent.

416 2209 508 2285 seu.
527 2212 626 2288 LVI.
654 2209 891 2308 Xenophontis
898 2208 1084 2284 ontionem
1093 2205 1204 2282 reddit
1219 2207 1384 2284 efficacisd

373 2361 476 2432 rem,
508 2335 630 2412 inserta
655 2315 872 2435 particutall
892 2333 990 2410 initio
1022 2335 1297 2412 Memorabilium
1325 2337 1384 2411 So⁸

374 2479 496 2555 cratis:
521 2451 714 2548 Πολλάκις
746 2453 943 2562 &Surium
978 2451 1050 2543 ‘rim
1080 2449 1235 2546 «limosi
1267 2452 1384 2560 λόγως

373 2589 560 2694 Ἀθηναίω
576 2588 732 2677 imorcer:
771 2593 819 2668 ita
837 2595 927 2670 enirn
953 2599 1067 2670 locum
1086 2595 1227 2673 exhibet
1253 2599 1382 2698 Grego-

369 2726 437 2806 rius
454 2724 488 2798 in
513 2723 763 2798 Commentario
784 2720 827 2796 ad
843 2723 1098 2820 Hermogenem
1114 2749 1148 2820 p.
1171 2733 1266 2822 906,
1292 2721 1381 2824 apud

373 2845 752 2929 sermomonem.
779 2846 862 2924 vot.
888 2848 988 2922 unt.
1055 2851 1146 2927 seo.
1171 2853 1285 2928 tvu.
1310 2873 1382 2926 non
1422 2829 1423 2836 '

373 2971 511 3052 indoeta
535 2987 588 3049 est
611 2967 803 3046 observatio
818 2970 862 3047 de
877 2973 1106 3072 Praxiphane,
1121 2975 1214 3074 cujus
1236 2971 1382 3050 auitori·
1421 3003 1422 3014 Ι

284 3095 288 3102 ’
374 3119 447 3178 tate
463 3098 572 3176 utitur
589 3093 799 3173 Demetrius.
863 3100 898 3175 S.
920 3101 1107 3178 LXXXV.
1135 3083 1274 3187 Θέογνις
1306 3115 1382 3168 ttu-

369 3217 570 3339 ςοιτῖθιτωι
581 3281 594 3321 ,
619 3217 715 3294 teile
733 3216 922 3316 explieatur
935 3219 1029 3296 sensu
1044 3223 1199 3320 passivo,
1226 3225 1380 3321 Theognis

372 3347 540 3445 adfertur,
557 3343 713 3420 nimitum
730 3347 773 3422 ab
791 3343 992 3440 Aristotele,
1016 3345 1075 3446 qui
1101 3348 1247 3426 eundem
1272 3351 1379 3426 locum

373 3471 592 3574 proposuerat
608 3471 716 3548 eret.
742 3473 816 3565 Ill,
844 3496 908 3564 rt,
933 3493 979 3564 4,
1004 3471 1126 3548 omisso
1142 3475 1306 3551 Auttons
1322 3501 1378 3551 no·

373 3599 476 3678 mine.
545 3597 581 3676 S.
605 3597 802 3676 LXXXIX.
829 3597 1025 3695 Complures
1042 3600 1108 3678 loci
1123 3601 1378 3700 Xenophontis,

139 3726 144 3739 ’
281 3831 282 3834 Ν
372 3726 409 3802 in
432 3723 541 3801 libello
565 3722 610 3799 de
637 3722 862 3814 venatione,
895 3719 1145 3802 vindicantura
1170 3726 1242 3803 crist
1258 3751 1381 3828 nuper·

372 3849 448 3929 tirni
464 3849 632 3943 Editotis,
644 3849 831 3941 Zeunii,et
840 3850 963 3926 remus
972 3852 1191 3958 explicantur.
1253 3857 1287 3931 S.
1304 3855 1378 3932 CX.

370 3999 410 4057 et
425 3977 501 4064 alibi
523 3995 705 4069 monetur,
728 3973 949 4058 Scholiastem
968 3977 1198 4083 Hermogenis
1211 3982 1319 4070 mtrlta
1334 4005 1378 4058 ex

1306 4109 1378 4186 De·
