2858 5280
321 461 368 534 52
488 441 545 516 Μ.
594 439 641 515 Τ.
692 433 1195 523 CICERONIS·

773 735 862 838 lii.

325 1069 386 1154 M.
420 1069 608 1156 TULLII
648 1064 958 1153 CICERONIS·¹
982 1065 1057 1151 DE
1094 1067 1327 1158 OFFICIIS

380 1213 540 1312 LiBRl.
562 1211 713 1294 TRES.
738 1207 826 1290 An
836 1207 949 1314 finiam
968 1209 1171 1313 priscorum
1187 1205 1327 1314 Exem-

376 1359 535 1463 planum
553 1345 663 1462 ficiem
687 1346 882 1454 recensuit,
898 1333 1110 1456 aclj'eiiisque
1128 1353 1204 1458 JO.
1234 1355 1326 1436 Ml.

383 1493 619 1584 CHAELlS
646 1487 995 1572 HEUsm'GERl
1020 1486 1072 1584 &⁹
1091 1489 1174 1596 snis
1193 1483 1323 1574 Adno-

380 1633 602 1726 tatimiins,
647 1627 888 1732 explicatiores
919 1623 1087 1710 editurus
1122 1645 1205 1710 erat
1244 1635 1321 1710 ΙΑ-

383 1769 559 1850 COBUS
597 1765 929 1848 FRIDERICUS
974 1763 1317 1848 HEUSINGER.

383 1913 405 1992 8
435 1906 531 2015 Maj.
550 1921 658 2010 pagg.
688 1907 780 1989 812.
841 1903 1016 2016 Prostam
1038 1904 1257 2008 Brninnigoe
1279 1907 1320 1986 in

382 2045 688 2156 Orpinnotroplzei
714 2043 866 2128 Ducniis
890 2043 1106 2152 Bibliopolio.
1142 2049 1263 2149 1783.

322 2349 502 2468 Athenis
520 2385 694 2481 aliquando
722 2408 798 2466 rens
822 2383 1029 2472 orationem,
1053 2406 1153 2482 quam
1178 2384 1214 2478 jn
1233 2385 1323 2482 judi·

321 2512 377 2586 cio
397 2511 535 2584 haberet
542 2563 554 2598 ,
578 2509 714 2606 alaysia
742 2509 939 2585 nobilisfimo
967 2529 1097 2586 oratore
1119 2531 1322 2604 acceptam,
1411 2589 1413 2622 ἵ

320 2638 456 2708 domum
492 2633 604 2706 abiens
634 2633 783 2708 ediscere
816 2637 956 2733 coepit:
994 2657 1074 2708 mox
1109 2635 1152 2707 ad
1183 2637 1322 2734 Lynam

318 2759 419 2834 rediit
440 2777 609 2848 moestus,
633 2757 769 2851 dicens,
793 2761 976 2836 orationem
998 2759 1053 2834 fibi
1074 2759 1217 2858 primum
1241 2763 1322 2856 qui·

320 2887 396 2964 dem
421 2885 545 2984 legenti
567 2885 669 2960 visam
692 2885 763 2959 esse
789 2889 887 2984 piane
912 2885 1103 2983 egregiam,
1135 2883 1325 2959 secundum
1355 2945 1361 2958 .
1411 2899 1412 2970 ξ

318 3037 403 3090 vero
428 3009 631 3084 aeternum
652 3009 813 3108 relegenti
832 3011 1007 3102 ,infirmam
1030 3009 1165 3085 omnino
1191 3007 1229 3083 n
1259 3009 1324 3082 iri-

322 3139 432 3238 gidam
466 3135 662 3232 apparuisse.
713 3135 806 3212 Tum
832 3135 945 3231 Lysias
977 3137 1114 3224 ridens,
1149 3137 1323 3232 litgone,

318 3264 447 3364 inquit,
482 3281 521 3336 tu
547 3261 685 3335 eandem
708 3257 894 3332 orationem
922 3279 975 3332 ter
993 3263 1087 3360 -apud
1107 3261 1238 3358 judices
1263 3260 1326 3334 ha·
1410 3277 1411 3292 ¹

320 3393 449 3468 biturus
477 3387 574 3461 eras?
600 3385 692 3492 Quin
718 3405 756 3458 tu
784 3407 856 3458 eam
884 3385 982 3459 semel
1006 3386 1167 3477 habebis,
1200 3385 1237 3462 ἃ
1262 3410 1326 3460 co·

317 3539 459 3617 gnosces
490 3531 613 3610 quanta
637 3511 671 3584 in
696 3533 752 3584 me
777 3513 829 3586 vis
848 3509 1065 3609 persuadendi
1087 3510 1137 3583 fit.
1190 3511 1325 3587 Admo-
1409 3605 1410 3616 ἵ

320 3641 406 3714 nitio
429 3663 472 3712 eo
499 3637 657 3728 valebat,
690 3639 767 3710 huic
795 3636 1005 3730 eloquentiae
1028 3631 1144 3732 generi
1164 3657 1230 3708 non
1256 3659 1325 3708 ve·

318 3785 421 3853 rum,
453 3763 510 3836 sed
533 3765 604 3838 veri
628 3763 799 3862 speciem,
839 3783 903 3834 nec
931 3761 1089 3836 scientiae
1112 3757 1327 3856 perpetuita-

318 3909 412 3981 tem,
443 3889 500 3964 sed
539 3889 703 3984 opinionis
734 3887 963 3969 brevitatem,
1002 3883 1202 3980 proponam
1237 3884 1325 3959 esse.

317 4019 527 4128 Quamquam
544 4015 567 4088 fi
589 4017 662 4114 quis
679 4013 883 4112 optimorum
899 4013 1087 4100 Veterum,
1107 4034 1185 4084 cum
1199 4011 1321 4108 Lysiae

1239 4149 1321 4204 tum
