2850 5278
389 473 458 543 126
508 463 770 538 RELATIO
737 461 885 543 ONES
917 463 1263 549 BREVIORES.

381 647 461 716 tica.
494 649 527 720 8.
558 640 612 710 Vrl
588 641 755 732 rl.elrergue
792 649 894 734 1780.
949 639 1074 715 Brevis
1094 643 1179 722 libell
1161 647 1221 722 llus
1248 655 1391 749 magno-l

221 803 225 811 -
267 851 271 859 ι
380 791 461 867 pere
481 791 541 840 nos
566 763 678 862 cepit,
711 787 787 839 cum
812 764 973 862 elegantis
995 765 1167 844 doetrinae
1195 775 1382 870 suavitate,

383 911 456 972 tum
471 891 537 989 ipsa
559 891 711 964 novitate
725 890 907 980 Ausloris,
933 916 990 989 qm
980 891 1101 969 nobis
1116 897 1179 972 hac
1197 900 1380 997 scriptione

381 1021 524 1119 primum
551 1017 709 1091 innotuit.
763 1017 862 1088 Duae
895 1013 974 1088 sunt
1005 1019 1077 1115 ejus
1106 1043 1216 1120 partes
1285 1031 1380 1102 Prior

382 1145 576 1220 continetur
600 1141 763 1216 Oratione
786 1140 918 1237 publice
941 1142 1071 1238 habita,
1101 1171 1169 1244 qua
1195 1150 1261 1223 hoc
1284 1174 1378 1248 argu·

381 1289 533 1358 mentum
557 1261 734 1356 trahatur,
770 1287 806 1339 et
829 1265 979 1358 diserte,
1002 1289 1039 1343 et
1061 1275 1317 1349 accommodate
1341 1278 1377 1350 ad

379 1381 587 1466 audientium
620 1391 868 1485 persuasionem.
919 1395 1035 1469 Altera
1067 1397 1167 1473 habet
1193 1406 1378 1500 argumenti

379 1516 582 1592 subtiliorem
596 1517 863 1612 Explicationem
875 1575 887 1612 ,
901 1543 986 1616 quae
998 1521 1033 1596 in
1050 1526 1220 1602 Orationis
1238 1529 1377 1606 formam

381 1663 419 1718 et
442 1642 608 1719 consilium
624 1632 690 1714 ndn
715 1649 931 1742 congruebat.
957 1645 1057 1738 Nos,
1079 1671 1237 1744 quantum
1256 1661 1378 1752 probe-

378 1793 456 1844 mus
473 1767 614 1866 eos,qui
624 1767 849 1864 Philosophiae
859 1769 1098 1848 institutionem
1115 1777 1157 1849 ad
1169 1781 1376 1872 Socraticam

292 1974 295 1982 ,
378 1891 543 1968 rationem
557 1915 715 1967 revocare
723 1893 980 1993 student,supra
996 1915 1031 1969 et
1047 1899 1115 1972 aliis
1126 1902 1208 1976 locis
1218 1901 1378 1999 fignifica-

379 2018 504 2096 vimus.
552 2017 618 2090 Sed
639 2039 756 2090 eorum
775 2018 809 2092 in
829 2021 942 2118 primis
965 2046 1024 2097 eos
1042 2029 1242 2122 probamus,
1265 2033 1325 2129 qui
1343 2032 1379 2104 ad

380 2147 467 2221 hanc
501 2139 662 2247 rationem
692 2143 750 2242 ipli
781 2145 951 2220 adferunt¹
970 2151 1064 2226 usum
1094 2157 1315 2255 Antiquitatis
1348 2181 1381 2232 et

377 2272 559 2346 literarum.
618 2270 658 2343 In
688 2273 807 2366 quibirs
829 2291 881 2346 est
909 2275 1131 2357 Reinhardus.
1185 2285 1304 2376 Nam,
1345 2305 1381 2359 ut

378 2397 491 2470 omnia
513 2397 661 2470 breviter
685 2397 961 2494 compleslamur,
984 2405 1087 2479 estin
1112 2430 1156 2481 eo
1175 2432 1251 2482 curn
1277 2411 1382 2485 scien·

378 2522 428 2596 tia
448 2523 655 2620 argumenti,
690 2535 758 2598 nnn
782 2523 835 2598 illa
865 2549 910 2600 ex
936 2532 1160 2609 recentiorum
1184 2536 1301 2611 rivulis
1327 2559 1381 2610 aot

379 2645 602 2735 versionibus,
622 2647 677 2719 sed
696 2669 739 2720 ex
756 2646 972 2750 intelligentia
992 2657 1134 2733 fontium
1154 2682 1190 2735 et
1208 2664 1267 2736 usu
1283 2685 1382 2752 vete·

379 2791 457 2842 rum
481 2769 756 2864 Socraticorum,
798 2777 943 2856 Platonis
982 2799 1081 2880 atque
1118 2787 1381 2884 Xenophontis,

378 2890 500 2967 dosia:
527 2913 599 2968 tum
626 2895 782 2972 orationis
808 2923 861 2978 est
887 2907 1047 3002 elegantia
1073 2927 1110 2982 et
1137 2910 1382 3012 perspicuitas,

380 3021 520 3098 collella
544 3047 587 3096 ex
613 3023 784 3101 Ciceronis
803 3028 946 3106 lessione
966 3034 1116 3132 diligenti
1134 3058 1171 3112 et
1186 3041 1352 3138 cogitata.

434 3147 493 3221 IX.
518 3149 685 3245 Fragrnrnt
713 3155 787 3226 a'un
811 3159 962 3254 Ouarage
980 3162 1061 3235 Grec
1080 3167 1307 3240 d'Anrlmnius
1334 3219 1379 3240 -.

345 3263 350 3276 ’
378 3271 403 3350 i.
432 3298 463 3350 e.
506 3277 599 3350 Libri
626 3279 742 3351 Graeci
762 3281 799 3353 de
819 3281 997 3358 Paradoxis
1019 3289 1222 3364 Machanicis
1250 3297 1297 3365 ab
1319 3301 1382 3370 An·

378 3405 494 3476 themu
503 3389 622 3500 scr'r'pti
646 3404 887 3498 hragrnenrum:
913 3411 1068 3510 recensuit
1088 3433 1120 3486 er
1140 3403 1323 3494 emendavit
1343 3423 1385 3492 111

377 3528 518 3622 exemplu
527 3523 653 3622 scripta
675 3547 826 3620 quatuor,
852 3535 1011 3612 Gallicam
1034 3541 1200 3628 sarlionem
1217 3563 1250 3617 et
1278 3553 1385 3622 Notat

376 3643 505 3744 adjecit*
526 3653 669 3748 Dupuy,
704 3657 896 3736 Academiae
920 3664 1162 3767 Inscriptionum
1192 3673 1387 3771 Parijienfis

376 3775 493 3848 Scriba
518 3797 695 3874 perpetuus.
719 3805 756 3870 4.
792 3807 896 3878 1777.
917 3811 1018 3886 pagg.
1044 3817 1102 3886 41.
1153 3797 1386 3894 Anthemius,

378 3899 555 3973 ascientia
578 3905 796 3982 Methanices
825 3929 861 3982 et
886 3913 1144 4000 Architesturae
1171 3923 1388 4021 celebratus,

380 4041 416 4097 et
437 4045 457 4097 a
481 4025 665 4122 Justiniano
687 4033 721 4109 in
744 4031 859 4130 primis
885 4038 1051 4122 adhibitus
1083 4043 1124 4122 ad
1150 4049 1388 4132 aedificiorum

1308 4203 1391 4257 COll·l
