2850 5278
155 497 396 590 annoni,
420 487 492 574 'nu
523 451 762 610 mmm.
793 478 995 578 anunm
1022 521 1098 600 ιιι

87 737 112 778 ,,
136 680 293 760 mauram
310 643 539 774 pertinerem,
568 667 818 772 indagationem
838 671 1077 754 condemnaret
1082 701 1098 776 3
1239 645 1244 656 ’

84 865 110 912 „
139 821 425 904 marmoreamque
439 795 500 874 illin
517 796 641 884 Musae
658 799 809 876 Graecae
829 795 1009 900 imaginem
1024 804 1099 886 vita
1248 853 1257 864 ,

88 991 113 1028 ,,
137 947 332 1021 carentem,
355 951 419 1029 pro
431 947 513 1009 vera
528 925 608 1019 illa,
626 941 701 1000 tota
717 922 881 1020 vivente,
917 945 992 1002 tota
1012 929 1098 1004 Grae

83 1112 105 1154 „
129 1056 194 1134 tias
215 1041 384 1154 spirante,
407 1052 504 1130 daret
519 1047 796 1152 ampleuendam
847 1055 902 1130 Er
914 1063 984 1154 qm
1005 1055 1097 1134 enini

82 1237 107 1280 „
133 1175 399 1261 critica-scholas
418 1175 649 1278 frequentavit
665 1172 915 1274 Philosophiae,
929 1181 1096 1258 etBaum·

85 1361 112 1402 „
138 1302 282 1410 gartenii
328 1290 383 1376 ui
404 1281 604 1386 ἇισθιτικιὶ
624 1302 803 1394 docuere,
836 1303 957 1399 Homii
979 1304 1097 1385 fontes

82 1489 106 1530 ‚,
130 1435 230 1532 ejus,
253 1427 346 1534 quod
363 1425 540 1528 pulchrum
565 1445 604 1507 et
628 1427 766 1504 sublime
788 1446 860 1522 eat,
885 1452 931 1506 ex
954 1449 1096 1512 naturae

85 1615 111 1652 ι,
135 1555 267 1642 nostrae
285 1553 420 1656 ingenio
439 1571 617 1644 eruerunt,
644 1553 793 1635 Herderi
806 1555 938 1651 locum,
952 1557 1094 1665 (stand-

84 1735 108 1778 „
131 1679 262 1781 pnnkt)
295 1698 336 1754 ut
360 1677 408 1760 ita
429 1677 559 1768 dicam,
582 1678 673 1762 uude
688 1679 1021 1781 circumspiciendun
1038 1701 1092 1758 eat

80 1865 103 1904 „
128 1809 166 1885 in
182 1803 314 1906 agmina
336 1806 566 1903 Scriptorum,
589 1803 832 1900 monstrarunt,
855 1829 901 1886 ex
920 1809 978 1886 illo
1001 1829 1088 1886 tem·
1141 1869 1148 1877 .

80 1990 104 2025 ‚,
128 1921 215 2030 pore
231 1932 351 2016 laetior
365 1931 447 2014 milri
463 1929 566 2012 facies
590 1929 732 2012 illuxisse
746 1933 1089 2036 videturtritioee’t

80 2059 154 2166 Qui
174 2057 220 2134 de
238 2056 394 2164 Bentlejis
420 2075 458 2132 er
479 2055 630 2136 Kustem
652 2057 700 2132 ita
719 2061 944 2164 pronunciet,
957 2061 995 2135 'ie
1008 2087 1087 2160 pro-

76 2185 196 2276 feelo,
222 2201 261 2260 ut
287 2209 350 2262 nor
371 2201 507 2290 quoque
528 2179 644 2261 mitius
669 2181 839 2273 dicamus,
860 2205 907 2292 'eo
922 2183 998 2266 ioco
1013 2205 1087 2280 est,

77 2333 111 2398 ut
136 2312 186 2388 de
217 2329 407 2388 tantorum·
424 2307 575 2388 virorum
600 2307 829 2405 magnitudine
854 2331 899 2384 ne
927 2307 1086 2406 suspicari

77 2441 213 2548 quidem
238 2433 357 2537 poasn.
421 2434 470 2514 Et
493 2429 586 2510 dubii
609 2435 739 2524 sumus,
765 2435 1085 2532 petulantianme‘an

78 2567 237 2648 inscitiam
261 2557 360 2659 priur
373 2557 532 2640 miremur
548 2557 642 2640 illius
661 2557 818 2642 douoris.
871 2559 964 2664 Qui,
984 2560 1083 2638 sran-

77 2711 128 2768 tea
151 2691 248 2776 humi
267 2707 396 2786 pennae
419 2676 655 2776 iustruuirset,¹
676 2707 776 2792 quam
787 2685 930 2786 sallom*
954 2689 1085 2768 evolar-
1125 2695 1131 2700 '

76 2817 141 2894 set:
167 2815 195 2898 fi
217 2837 285 2893 uon
304 2833 350 2892 ex
372 2813 438 2886 loco
461 2825 498 2887 et
513 2807 697 2915 longinquo
708 2815 742 2887 in
763 2812 957 2911 Scriptorum
978 2822 1083 2917 agmi-
1114 2886 1118 2894 ,

73 2965 118 3014 no
143 2935 442 3036 circumspexisset,
462 2931 520 3022 sed
540 2955 605 3019 eor
623 2957 645 3008 e
667 2935 857 3036 propinquo
878 2954 916 3008 et
938 2935 1082 3016 interius
1120 2915 1123 2922 ⁵

75 3063 294 3163 inspexisset,
301 3085 368 3141 non
383 3058 471 3146 adeo
487 3058 631 3156 turpiter
647 3057 752 3160 lapsus
768 3056 866 3146 esset,
875 3073 915 3133 ut
932 3077 968 3134 et
984 3059 1083 3176 igno·

77 3207 168 3268 raret
192 3189 371 3297 Graecum
379 3185 513 3288 versum
536 3182 607 3262 erse
613 3177 800 3295 Euripidis
822 3199 866 3254 ex
880 3171 1080 3280 pervulgata
1164 3241 1168 3248 ,

82 3333 117 3386 et
144 3313 296 3414 apuerir
319 3314 405 3394 adeo
430 3283 580 3396 lediitata
608 3285 752 3398 fabula,
789 3322 931 3386 etcum
962 3325 1081 3393 contra
1171 3307 1174 3313 '

75 3437 256 3522 sententiae
274 3461 317 3524 ao
337 3435 436 3522 metri
451 3433 616 3536 tationem
632 3414 873 3534 corrumperet.
897 3417 1000 3508 Sed
997 3421 1081 3532 age,

78 3561 192 3642 ferinta
215 3563 350 3666 paulum
370 3561 551 3664 injucunda
572 3561 625 3640 iila
641 3583 790 3643 errorum
813 3557 1011 3653 notatione,
1035 3559 1079 3643 ad

75 3687 181 3786 ipsum
203 3687 429 3788 digrediamur
461 3690 647 3782 Galenun,
678 3707 715 3764 et
744 3686 816 3782 ejus
846 3685 1054 3786 quosdam
1041 3711 1077 3774 ιιι

81 3815 144 3900 ltoc
166 3839 290 3916 genere
314 3817 406 3892 locos
432 3815 473 3895 ad
496 3817 571 3894 suos
594 3817 763 3896 Austorer
784 3807 975 3895 referamur.

65 3944 209 4052 Cap.
223 3944 253 4021 Ι.
303 3939 507 4027 Distributio
528 3926 627 4040 >oya
648 3911 894 4042 inotgopogotlr
915 3967 952 4032 et
973 3916 1078 4009 illd

952 4062 1056 4158 θιτιι
1068 4123 1082 4170 ,
1152 4103 1157 4118 ¹
