2844 5250
82 606 239 690 propter
257 599 403 696 aliquam
424 608 585 692 criticam
608 619 753 724 dotem,
781 649 872 736 quoe
892 650 980 728 nulla
1012 657 1105 741 fuit:

81 714 145 790 sed
174 742 323 819 propter
355 744 697 831 commendationem
728 762 953 856 praefationis
986 781 1110 875 Emer-

79 841 196 936 time,
228 872 299 946 qun
324 861 590 948 promittebatur
620 880 779 976 quintum
810 895 1001 998 vulumen,
1037 939 1108 1012 quo

80 965 117 1041 dr
144 969 288 1049 indicet
311 977 582 1082 &superiorum
605 1003 791 1086 Editorum
822 1019 1034 1130 aliorumque
1051 1041 1107 1116 vi-

77 1103 201 1171 rorum
225 1099 406 1186 dodiorum
429 1118 756 1227 animadvertores,
776 1138 817 1216 or
839 1152 984 1231 omnino
1010 1164 1108 1244 criti·

78 1243 122 1294 ca
137 1221 218 1300 filvn
226 1237 522 1326 ,continerentur
552 1253 630 1354 Qua
644 1255 704 1352 spe
716 1263 776 1360 qui
791 1270 834 1345 ad
845 1275 970 1356 librum
988 1309 1104 1372 emen·

75 1345 158 1424 dum
188 1352 327 1433 induiti
358 1362 454 1462 suot,
489 1377 548 1472 qui
575 1385 736 1477 profetio
769 1401 867 1474 multi
900 1403 1003 1503 sunt,
1046 1442 1105 1492 ae-

74 1497 142 1570 gre
166 1477 291 1556 ferunt
324 1485 424 1568 fidem
463 1503 616 1582 nondum
648 1511 830 1600 liberatam
846 1551 879 1602 ε·
903 1531 976 1608 five
999 1541 1101 1640 culpo

74 1619 119 1670 ea
142 1600 187 1674 lit
208 1599 357 1702 librarii,
382 1615 455 1695 five
475 1626 641 1710 Editorir.
700 1644 820 1743 ltaque
842 1666 987 1760 partem}
1003 1667 1100 1765 illum

17 1715 18 1718 '
71 1721 96 1796 fi
124 1727 204 1823 quis
239 1739 405 1835 explent,
438 1773 512 1828 non
543 1761 682 1856 quidem
715 1775 868 1854 vanitate
897 1785 1010 1882 tituli,
1036 1795 1105 1872 sed·

17 1911 18 1918 i
66 1869 112 1922 err
142 1873 183 1926 re
200 1875 303 1957 atque
327 1891 433 1968 vero,
459 1881 489 1954 ir
513 1882 552 1960 dr
574 1908 737 1988 magnam
757 1903 848 1998 apud
872 1931 1007 1992 veteres
1021 1945 1099 2000 em·.
1189 1969 1192 1980 =

20 2047 23 2052 .
66 1992 169 2054 tores
202 1991 342 2080 gratiam
367 1999 491 2098 ineat,
520 2007 560 2085 dr
592 2013 743 2095 editioni
782 2049 895 2110 novor
942 2063 1096 2126 emtores

17 2145 18 2152 κ
66 2106 245 2186 conciliet
301 2121 372 2198 Sed
408 2149 548 2226 eorum,
568 2139 626 2234 qui
639 2166 778 2250 'postea
807 2155 958 2261 fingulor
987 2173 1096 2252 libror

69 2231 482 2330 ederent,memoranduu
500 2258 550 2332 est
559 2267 729 2363 Zeuniur,
747 2278 792 2352 de
808 2307 879 2380 quo
894 2312 1016 2384 postea
1039 2323 1094 2374 re·

67 2353 265 2456 ferrum&
291 2369 348 2457 ir,
367 2371 413 2444 de
434 2401 503 2474 quo
525 2405 620 2460 nunc
642 2391 763 2470 dicere
787 2407 1042 2504 constituimur,
1057 2426 1093 2502 S.

68 2484 124 2560 rr.
152 2491 198 2569 N.
232 2497 394 2590 Moror,
426 2501 481 2575 vir
501 2517 684 2592 accuratae
706 2523 887 2608 doetrinae
915 2533 955 2614 dr
975 2537 1092 2642 surgu-¹

61 2611 137 2690 ltrr'r
155 2621 358 2699 modestiae.
680 2719 683 2724 .

103 2741 152 2814 Et
176 2744 213 2818 in
231 2745 428 2829 adornanda
458 2759 525 2839 lrac
546 2766 704 2852 editione
725 2783 791 2860 tria
816 2785 880 2864 fibi
907 2797 1092 2894 propono·

57 2865 180 2962 fuisse,
197 2870 267 2946 ait:
278 2875 445 2974 primum,
461 2905 499 2961 ut
512 2889 696 2976 Historiae
716 2905 872 2986 iludiolir
885 2915 1090 3010 intelletiur:

55 3011 198 3085 rerum,
227 3013 433 3102 temporum,
457 3015 633 3113 locorum,
660 3015 870 3128 cantiorum,
896 3046 1077 3148 omnirqne

54 3137 182 3212 nexus,
198 3118 334 3202 facilior
349 3135 566 3219 redderetur:
592 3147 756 3242 alterum,
773 3175 812 3230 ut
828 3163 976 3238 Critices
1002 3169 1073 3244 stu·

51 3239 151 3317 diolir
167 3249 306 3330 indoles
324 3277 438 3334 textor
455 3267 707 3372 Xenophontei
723 3275 767 3376 ¹dr
792 3287 927 3362 caussae
948 3291 1071 3372 lertio·

47 3385 136 3440 num
162 3369 457 3466 dijudicandururn
480 3417 765 3499 exponerentur,
804 3431 969 3507 quantum
993 3421 1072 3520 qui-

45 3489 127 3566 dem
152 3495 247 3592 ase,
271 3507 451 3590 codicibus
478 3521 665 3620 destituto,
690 3529 767 3604 fieri
791 3541 978 3631 potuisset:
994 3567 1066 3622 ter·

43 3614 153 3709 rium,
187 3641 232 3695 ut
256 3627 419 3712 tironibus
443 3642 666 3726 exhiberetur
697 3657 826 3755 aliquid
861 3665 1065 3766 adminiculi

41 3743 79 3816 td
107 3745 310 3828 dirlionem
337 3762 578 3866 Xenophontis
601 3774 755 3858 subtilius
787 3785 1062 3890 intelligendum.

17 3837 155 3970 istaque
192 3881 327 3978 triplex
361 3887 492 3984 ludium
529 3917 583 3975 ert
620 3903 962 3998 Animadverlionum
993 3943 1056 4020 ge-

42 4016 107 4073 nur.
155 4004 342 4108 Primum,
378 4021 472 4116 quod
491 4029 617 4125 quavis·
641 4035 770 4136 pagina
792 4037 979 4142 subjeetum
1004 4047 1058 4122 e'st

17 4109 18 4114 ‘
421 4223 424 4229 ,
578 4159 650 4253 Ἐς
944 4169 1052 4248 Grae·
