2850 5278
135 411 516 492 nnuntrouns
549 412 885 494 unnvronns.
940 443 1008 518 123

19 619 102 670 num.
157 593 254 698 Quae
273 587 425 686 cognitio
441 588 498 662 nisr
519 585 687 662 adferatur
702 585 743 660 ad
766 589 1015 686 interpretatio·

19 743 112 807 nem,
140 715 194 790 sed
215 739 258 790 ex
283 715 358 828 ipsis
376 717 593 812 Dialogortun
610 715 770 811 exemplis
786 716 1015 816 investiganda

19 839 266 940 colligendaque
295 842 362 934 srt,
396 867 458 916 nae
481 865 543 938 pro
569 840 709 916 faciliori
728 845 938 944 breviorique
960 849 1017 924 vie
1142 915 1145 922 .
1186 805 1191 816 ·

18 970 141 1066 longior
162 967 392 1066 difficiliorque
414 967 609 1044 ostenditur.
658 970 704 1042 Et
728 994 811 1048 vero
836 977 1018 1072 praecepti
1051 1067 1054 1076 Ι

21 1093 170 1172 universa
196 1096 248 1168 illi
273 1091 430 1166 materiae
462 1094 683 1194 cognitione,
721 1121 788 1171 non
815 1101 917 1175 modo
947 1127 1017 1179 non

20 1223 101 1320 perit
119 1222 325 1296 inventionis
346 1220 565 1312 lenocinium,
589 1225 679 1318 quod
703 1226 737 1298 in
761 1224 874 1322 primis
900 1231 1018 1302 Socra·

23 1350 82 1424 tica
106 1347 194 1422 ratio
217 1347 337 1436 habet,
361 1345 417 1419 sed
436 1365 580 1442 augetur
598 1351 699 1424 enam
723 1350 883 1424 facilitate
901 1350 1019 1424 celeri·

20 1495 153 1572 tateque
178 1471 378 1547 inveniendi.
429 1475 609 1564 Ceterum,
637 1497 674 1552 ut
698 1475 805 1571 Regis
823 1501 862 1550 ac
878 1475 1019 1552 chlizii

20 1628 92 1676 cura
118 1599 268 1700 providit
291 1595 399 1670 studio
423 1599 572 1674 Graecae
598 1599 729 1698 linguae
750 1617 810 1696 per
826 1603 898 1696 ejus
915 1623 1021 1696 pecu·

21 1721 126 1800 linrem
156 1713 427 1813 institutionem,
460 1722 507 1796 ita
540 1722 695 1804 credibile
725 1745 776 1798 cst
807 1727 1016 1802 Dnleuicae

20 1827 114 1928 initiie
147 1849 311 1932 discendis
341 1851 541 1948 peculiarem
573 1849 766 1948 disciplinae
798 1873 927 1951 partem
959 1850 1018 1924 da·

23 1999 87 2052 tam
105 1977 187 2056 esse.
334 2053 337 2060 ,
656 2046 660 2052 .

63 2103 150 2178 Vll.
184 2104 273 2176 Dan.
317 2102 562 2197 Wyttcuborlrii
593 2101 768 2196 Praecepto
798 2099 1019 2196 Philosophiae

25 2234 159 2322 logicae.
191 2235 227 2306 8·
251 2226 506 2320 Amsselredamt.
536 2234 637 2315 1781.
694 2225 818 2314 Liber,
853 2249 956 2322 quum
978 2225 1020 2300 fit

28 2351 219 2448 conjunctus
249 2369 329 2420 cum
351 2349 521 2422 Veterum
550 2347 725 2439 doctrina,
758 2371 1020 2424 commemoran-

29 2477 74 2548 dus
88 2497 139 2550 est
158 2473 304 2550 anobis.
331 2459 575 2574 Scriptioejus',
586 2473 620 2550 in
634 2493 726 2550 tanta
743 2475 1018 2576 compendiorum

27 2602 218 2694 Logicotum
245 2595 479 2686 multitudine,
513 2600 601 2693 apud
621 2604 795 2698 plerosque
819 2600 940 2698 aliquid
966 2623 1020 2674 te*

26 2721 324 2820 prebensronis,vel
341 2737 435 2792 certe
449 2720 692 2822 admirationis,
711 2727 832 2802 hebere
850 2727 1017 2814 videatur.

25 2853 123 2946 lgiuu
150 2849 300 2945 Scriptnr
323 2843 446 2920 consilii
467 2846 612 2924 rationes
636 2853 788 2947 exponit.
829 2856 944 2928 Prima
963 2880 1020 2928 re-

23 2975 184 3070 petitura
203 2973 404 3066 necessitate,
454 2973 547 3076 Nam
569 2996 672 3062 quum
700 2995 837 3042 munere
860 2975 1021 3069 fungere·
1137 2997 1140 3004 ⁴

25 3123 75 3173 tur
97 3125 159 3190 eo,
193 3100 283 3195 cujus
308 3123 382 3196 pars
410 3095 496 3170 esset
522 3094 670 3190 Logicae
691 3094 874 3182 institutio,
909 3087 1020 3192 neq'ue

24 3225 243 3321 suppeditaret
259 3223 494 3322 compendium
512 3217 666 3294 Latinum
684 3219 725 3294 ad
741 3241 896 3294 veterum
917 3221 1021 3294 ratio·

26 3375 99 3424 nem
126 3353 368 3448 compositum,
402 3349 557 3448 quodque
585 3343 723 3418 baberet
746 3345 958 3442 conjunctam
984 3365 1022 3424 et

27 3499 131 3552 rerum
154 3495 190 3552 et
211 3475 370 3551 orationis
392 3475 596 3562 bonitatem,
621 3469 689 3568 ipse
715 3469 749 3544 se
767 3470 860 3546 dedit
878 3474 919 3548 ad
942 3473 1022 3550 scri·

29 3601 173 3678 bendum
236 3604 362 3700 Neque
391 3625 476 3678 vero
508 3601 579 3698 ejus
613 3597 747 3672 consilio
775 3601 1040 3681 accommodati¹

32 3742 116 3800 erant
140 3727 338 3826 compendia
364 3729 405 3800 ab
433 3731 577 3804 Ernesto
602 3743 638 3798 et
663 3726 853 3798 Faccioluto
877 3725 1019 3824 scripta;

29 3852 111 3944 quud
128 3854 184 3930 hic
198 3855 412 3949 scriptionem
429 3853 577 3928 inferiori
594 3843 723 3925 cuidam
738 3849 902 3944 juvenum
915 3851 1021 3928 aetati

31 3981 323 4058 accommodasset:
356 3980 409 4054 ille
430 3971 686 4079 Peripateticum
714 3975 896 4055 doblrinam
919 3979 1019 4053 unice

874 4099 1016 4196 spella&
