2858 5280
140 372 150 386 ⁸
193 433 584 544 anrnrromns
613 437 968 528 sanvioans.
1026 479 1093 552 ms

72 609 149 708 qui
167 611 343 709 proxitatis
362 609 405 684 lit
435 612 607 706 Gedilrio,
632 617 856 710 Gonleboro,
883 617 921 694 tic
945 623 1101 704 fimilibus

73 736 194 824 viris,
219 737 278 832 qui
300 735 491 832 nuperrime
513 739 549 816 in
578 741 755 848 Germania
774 736 922 822 Platonis
946 753 1099 848 exempla

69 861 354 961 frequentarunt.
389 861 560 941 Bonorum
583 867 762 957 libmmm,
787 869 823 946 in
844 871 959 969 primis
978 897 1099 951 recen·
1200 853 1207 880 '

66 987 208 1063 tiorum
233 985 433 1062 Criticorum
458 987 490 1061 ei
509 990 607 1086 copia
622 989 754 1082 defuit3
782 996 872 1070 unde
893 997 1090 1076 factumest

64 1129 109 1186 ut
140 1110 275 1209 saepius
303 1110 396 1184 leves
417 1130 519 1210 atque
541 1113 656 1214 exigui
682 1118 846 1192 momenti
868 1122 1022 1198 auetores
1046 1119 1087 1202 ἃ

59 1231 271 1331 sequeretur
285 1232 325 1310 ἃ
340 1235 500 1312 laudaret.
529 1237 663 1344 Quare,
685 1241 768 1316 fiad
788 1264 863 1334 eas,
888 1269 974 1342 quae
989 1273 1082 1324 nunc

57 1363 172 1453 sunt,
188 1360 386 1454 facultates,
420 1364 624 1460 optimorum
640 1353 823 1442 Veterum
839 1369 1084 1450 recentiorum·
1171 1347 1175 1360 .

61 1512 141 1589 que
168 1488 375 1586 Scriptorum
394 1487 471 1564 usos
496 1486 537 1564 cic
558 1487 699 1586 diligens
724 1491 827 1567 lectio
854 1493 1082 1588 accesserint,
1213 1563 1224 1581 ,
1268 1507 1274 1519 ’

55 1611 164 1690 haud
199 1631 327 1688 temere
358 1635 583 1712 auguramur,
617 1593 803 1689 Maletum
835 1614 904 1694 aliis
932 1617 1083 1696 Graeco·
1194 1633 1223 1671 ‘-

63 1761 149 1814 rum
180 1735 269 1816 libris
296 1737 434 1814 edendis
465 1759 599 1836 operam
625 1736 716 1814 suam
751 1737 947 1824 doetissmis
976 1743 1080 1824 etiam

58 1863 151 1939 viris
176 1865 405 1964 probaturum.
863 1941 867 1950 ,
918 1851 923 1862 ’

109 1991 218 2068 XIV.
268 1993 332 2064 Est
382 1987 438 2061 hic
486 1987 522 2064 in
577 1991 822 2064 &manorum
878 1992 1073 2070 Academiis

52 2105 160 2208 mos,
185 2134 225 2191 ut
250 2110 475 2188 solemnitates
496 2111 650 2208 publicae
690 2111 901 2208 indicantur,
933 2117 975 2190 ad
1000 2139 1073 2192 eas.

51 2261 132 2337 que
164 2237 377 2314 celebrandas
409 2232 598 2311 invitentur
632 2235 726 2312 cives
757 2234 982 2315 murinum
1005 2239 1075 2314 liu·

48 2365 147 2439 diosr
176 2365 454 2460 Programmate,
495 2359 631 2434 nombre
662 2359 797 2458 quidem
826 2361 985 2438 Reiloris
1016 2363 1072 2444 vel

46 2487 289 2576 Prorebloris,
321 2479 379 2558 sed
400 2481 526 2580 scripto
548 2487 589 2560 ab
616 2484 839 2583 Eloquentiae
864 2485 1069 2570 Professore.
1120 2512 1126 2520 ·

41 2611 126 2708 lplia
149 2609 308 2715 invitatio
339 2607 455 2704 paucis
485 2609 682 2708 plerunque
717 2610 830 2690 verbis
855 2611 1065 2706 absolvitur,
1153 2689 1157 2696 ,

46 2734 179 2832 reliqua
210 2731 468 2834 Progmmmatis
499 2753 575 2832 pars
605 2735 802 2812 continetur
833 2734 1063 2836 disputatione

46 2859 91 2933 de
114 2879 319 2958 argumento
350 2859 496 2958 quodam
519 2882 597 2932 ctun
623 2857 814 2938 literarum
835 2859 950 2936 studiis
979 2851 1062 2941 conss

40 2984 176 3080 juricio.
237 2983 338 3092 Quae
373 2980 628 3078 scriptiunculae
660 2981 684 3054 fi
721 2983 876 3056 auctores
913 2965 1075 3060 habeant'

42 3109 200 3208 vulgares
248 3131 290 3182 ac
337 3105 490 3184 doitrini
536 3103 795 3203 eloquentiaque
838 3107 1055 3200 mediocres,
1133 3162 1135 3168 .

41 3253 153 3330 aequo
182 3255 238 3308 eas
264 3231 376 3308 animo
404 3229 515 3328 perire
545 3228 718 3330 patimur:
758 3231 849 3326 quod
884 3232 908 3308 si
940 3253 1055 3308 autem

40 3357 218 3454 profeffle
238 3353 365 3434 fuerint
382 3359 425 3432 ab
450 3356 614 3456 Heynio,
637 3353 871 3454 simillimisque
885 3357 918 3432 ei
941 3381 1054 3440 rerum

39 3481 180 3560 scientia
200 3480 428 3560 &orationis
456 3479 620 3558 facultate
649 3481 753 3576 viris,
786 3483 844 3560 has
872 3506 957 3558 vero
990 3509 1053 3564 nos
1111 3463 1117 3478 ¹

42 3609 133 3686 omni
166 3608 270 3684 modo
296 3611 339 3684 ab
369 3603 552 3683 oblivionis
578 3604 699 3706 injuria
742 3605 958 3686 vindicandas
985 3611 1055 3688 esse

41 3735 247 3810 arbitramur.
296 3733 345 3815 Et
363 3729 632 3830 quandoquidem
660 3732 787 3810 ilamm
807 3755 850 3808 ea
871 3753 923 3809 est
942 3732 1050 3814 sorim
1106 3753 1239 3903 s

41 3856 84 3932 ἃ
105 3860 279 3952 brevitas,
301 3875 341 3936 ut
362 3856 462 3958 facile
480 3875 646 3954 pereant,
670 3853 709 3934 oz
730 3877 774 3932 ex
791 3855 963 3936 hominum
987 3885 1050 3948 no·
1078 3885 1082 3914 ³
1106 3908 1113 3928 ι

44 3981 118 4064 titia
141 3986 285 4081 abeant3
307 3982 501 4090 speramus,
534 3999 630 4063 certe
648 4000 876 4082 optamus,ut
894 3985 1052 4090 Heyoia·

519 4110 582 4216 13
986 4123 1052 4185 noo
