2850 5278
342 527 393 632 γε
417 514 466 606 n.
490 501 818 610 rnnanhhhu
843 501 913 607 nh
937 507 1043 606 tuh.
1069 505 1140 610 tr
1163 505 1301 608 huno

345 703 579 802 antiquiores,
616 698 673 776 vel
700 699 790 778 inter
813 699 945 798 orphei
965 717 1002 777 et
1033 705 1246 804 Pythagorae
1269 715 1350 781 tem·

346 857 430 935 pora
452 829 631 928 interjesii.
689 827 809 925 Atque
838 827 921 904 nnc
957 828 1160 906 dubitationi
1190 829 1262 928 ipse
1295 853 1346 905 oc·

247 1046 250 1056 f
347 982 483 1039 cauam
512 957 659 1036 voluisse
696 951 836 1028 ridetur
870 953 1087 1054 Scriptorin
1124 953 1349 1054 praefatione,

289 1069 291 1076 i
347 1113 428 1168 cunt
448 1087 521 1162 aitt
565 1135 589 1176 „
606 1079 777 1156 omneain
801 1103 846 1156 eo
858 1081 1066 1171 consentire,
1090 1079 1349 1181 Philosophiana,-

342 1215 482 1312 propr'ie
501 1209 549 1283 ita
568 1205 712 1299 didam,
737 1205 847 1306 priano
862 1209 1037 1285 tautum
1052 1207 1125 1283 erse
1144 1233 1165 1284 a
1187 1207 1350 1309 Pherecp

338 1341 411 1434 -de,
436 1334 611 1426 Thalete,
644 1349 681 1407 et
704 1325 918 1432 Pydta'goraa
942 1353 1024 1410 ante
1051 1335 1114 1410 hos
1142 1339 1233 1414 enim
1258 1361 1349 1437 argu*
1395 1314 1396 1320 ἵ

342 1485 501 1544 mentum
528 1459 666 1559 quidem
686 1457 917 1558 Philosophiae
947 1485 968 1536 a
994 1458 1184 1559 Theologis
1210 1483 1248 1540 et
1272 1469 1350 1564 My·

345 1587 494 1690 thologia
524 1584 704 1662 tanatum
725 1585 851 1679 suiase,
884 1585 941 1662 sed
969 1590 1100 1664 ratione
1128 1590 1269 1686 poetioe
1298 1611 1350 1667 aut

174 1791 177 1800 ,
345 1719 496 1820 religiosa
529 1733 566 1788 ct
602 1710 777 1804 fanatica,
807 1735 877 1788 non
901 1711 1158 1812 philosophica,
1199 1718 1289 1791 nulla
1320 1717 1351 1793 in

345 1842 524 1921 subfidium
549 1861 672 1918 vocata
697 1837 880 1916 disserurdi
907 1859 980 1916 arte
1010 1855 1051 1915 ac
1074 1839 1281 1919 subtilitate:
1305 1845 1351 1920 hit

345 1969 381 2049 se
404 1969 591 2069 adjunxisse
615 1985 772 2070 quartum
796 1961 991 2065 Orpheum,
1014 1991 1084 2045 non
1106 1969 1194 2045 adeo
1217 1989 1351 2072 propter

345 2093 528 2173 veritatem
551 2096 630 2194 rei,
660 2115 761 2194 quarn
784 2111 927 2192 propter
957 2093 1082 2170 samam
1109 2093 1255 2172 hominis
1269 2119 1289 2190 ,·
1312 2095 1350 2170 ad
1396 2085 1397 2134 l

339 2225 445 2320 cnjus
468 2219 708 2300 auuontatem
739 2218 902 2320 posterior
928 2237 1022 2296 aetas
1042 2221 1186 2320 plutima
1212 2221 1350 2302 Phiioso

216 2433 218 2438 ,
345 2353 445 2453 phiae
470 2349 612 2427 inventa
633 2370 673 2425 et
697 2350 836 2426 decreta
857 2345 1051 2427 remittit?

229 2477 233 2484 “
400 2479 512 2578 Igitur
537 2500 582 2552 ex
613 2477 720 2552 tribus
742 2472 913 2574 partibus,
937 2473 974 2546 in
991 2499 1073 2572 quaa
1089 2471 1236 2577 Antiqoi
1248 2469 1352 2554 Philo

347 2597 496 2703 sophiam
520 2599 779 2692 distribuebant,
803 2597 869 2674 sola
894 2597 1031 2697 Physica
1051 2604 1188 2703 proprie
1210 2605 1351 2708 Philoso⁴

345 2728 427 2828 plaia
457 2726 525 2800 dici
549 2724 652 2800 debet
669 2727 705 2800 2²
727 2725 806 2803 Not
830 2748 915 2802 vero
945 2749 1015 2804 non
1041 2729 1194 2806 videmus
1206 2785 1219 2824 ,
1254 2750 1354 2830 quare

347 2851 435 2928 duae
459 2851 604 2952 reliquae
620 2868 754 2950 partes,
775 2851 919 2928 Mor-alis
935 2872 972 2927 et
987 2855 1190 2949 Dialeliica,
1211 2881 1280 2934 non
1296 2880 1355 2930 eoa

344 2987 423 3064 dem
443 2987 520 3084 jure
544 2977 730 3074 eademque
744 2977 953 3078 proprietate
975 2979 1203 3081 Philosophiae
1220 2982 1356 3058 nomine·

341 3108 586 3210 ¹appellentur,
620 3125 680 3182 aut
707 3129 812 3205 quare
841 3103 1052 3204 negligantur
1076 3108 1115 3197 in
1136 3131 1178 3184 ea
1202 3109 1353 3210 disputa·

331 3239 463 3331 ¹tione,
487 3235 544 3314 cui
564 3235 748 3334 explicatio
769 3229 943 3308 initiorum
968 3231 1113 3308 univetsr
1136 3233 1233 3332 hujus
1256 3235 1354 3314 studii

308 3347 309 3358 Ν
349 3363 519 3465 proposita
536 3361 605 3452 s1t3
635 3358 851 3458 praesertim,
875 3382 980 3457 quum
1002 3361 1096 3438 aruo
1117 3361 1206 3436 inter
1224 3359 1260 3438 se
1284 3361 1355 3438 vin·

349 3491 429 3566 culo
453 3507 627 3565 connexae
649 3483 724 3561 sant
771 3485 888 3562 Estot'
904 3487 1056 3584 Scriptor
1068 3485 1113 3562 de
1132 3487 1277 3587 Physica
1293 3515 1352 3567 vo·

348 3615 412 3696 luit
435 3635 555 3716 agere,
580 3611 717 3698 nonde
739 3611 874 3709 reliquis
896 3613 1059 3712 partibus.

355 3839 360 3846 .
400 3743 452 3840 At
475 3737 573 3816 nobis
586 3735 648 3814 alia
665 3738 774 3814 oritur
785 3737 955 3816 dubitatio
969 3735 1013 3812 de
1032 3737 1236 3821 homitibus.
1264 3739 1355 3846 Quid

348 3865 439 3946 enim
461 3865 593 3942 caussae
616 3883 695 3956 eat,
719 3863 810 3966 quod
827 3862 966 3962 Phyfica
990 3865 1232 3968 Antiquiotuna
1248 3868 1357 3947 aPhi·

228 4051 233 4062 .
346 3995 494 4096 losophia
518 3989 744 4082 excluditur?
773 3989 832 4066 An
859 4012 944 4068 vero
966 3990 1013 4068 illi
1044 4013 1112 4072 tres
1135 3997 1277 4076 demum
1306 3993 1355 4074 di·

342 4123 518 4229 lige'uciuu
537 4117 576 4202 ia
597 4111 909 4199 desecandosccuti
931 4119 1028 4236 sunt,
1053 4121 1277 4228 Anupaiores
1292 4125 1357 4203 hoc

327 4319 335 4330 .
1218 4299 1225 4312 ·
1308 4271 1357 4332 ili·
