2850 5278
156 513 917 635 irrrrromsrmmoms.
993 573 1074 661 rat

52 727 94 801 de
112 722 215 813 Diis,
246 720 413 814 Deabus,
446 721 643 820 Heroibus,
668 748 705 804 et
728 729 919 808 hominibus
939 733 1062 814 artium

51 846 340 942 dodirinarumque
355 847 453 934 laude
478 849 585 928 daris.
635 854 805 948 Historia,
831 881 911 934 cum
937 857 1060 954 partim

15 1076 19 1092 ι
51 972 198 1065 aliunde,
216 973 338 1070 partim
354 995 397 1048 ex
413 973 530 1051 iisdem
544 975 696 1072 fontibus
709 981 868 1082 duhalsrt
879 1005 924 1060 ex
938 981 1061 1081 quibua

51 1095 165 1172 Snidar
188 1096 317 1190 bausst,
341 1097 384 1174 ad
402 1100 474 1197 ejus
489 1101 761 1188 emendationem
780 1113 925 1189 multum
947 1107 1067 1186 adfert¹

47 1222 253 1320 adjumenti,
272 1225 377 1300 multa
398 1219 500 1304 etiam
521 1225 627 1304 habet
650 1255 770 1326 nova,
802 1254 840 1308 et
864 1257 965 1315 anteo
989 1259 1061 1316 non

47 1349 125 1433 saris
149 1349 298 1448 cognita
353 1351 487 1452 Paginir
508 1355 638 1434 condiat
656 1383 752 1468 442,
775 1360 863 1436 nulla
878 1359 1061 1452 verdone,

47 1499 110 1556 nec
140 1477 445 1568 animadversione,
460 1475 602 1574 adjeila.
653 1481 813 1559 Secundo
834 1485 952 1560 Tnmo
967 1481 1060 1563 tutia

45 1602 193 1684 exibent.
234 1603 427 1702 Descriptio
454 1601 594 1702 diligens
616 1590 1063 1707 ‘eolorii,seullorilegii‚

44 1727 195 1806 Macarii
214 1729 491 1828 Chrysocephali,
508 1751 552 1804 ex
568 1725 821 1810 bibliothecas.
838 1732 972 1812 Marti:
988 1755 1066 1828 quo

45 1855 132 1938 libro
165 1857 384 1942 continentur
412 1855 599 1938 sententiae
636 1854 807 1931 variorum
840 1855 1060 1947 notrorum,

44 1983 209 2092 Syoefii,
241 1983 366 2058 Dionis
390 1979 643 2081 chrysostomi,
672 1979 862 2088 Plutarchi,
884 1981 1062 2076 Aristidis,

40 2109 255 2202 Herodiani,
280 2093 457 2184 Aeschinis
478 2101 652 2191 Oratoris,
677 2104 839 2198 Luciani,
857 2107 1061 2184 Demosthe-

39 2237 117 2328 nis,
146 2236 300 2324 Libanii,
326 2228 498 2318 Choricii,
521 2228 617 2324 oujuo
632 2227 758 2304 inedita
782 2229 893 2306 oratio
911 2229 1062 2304 funebris

38 2359 71 2436 in
85 2359 257 2448 Mariam,
265 2371 410 2446 matrem
427 2349 598 2427 Marciani
610 2353 724 2428 Gazae
734 2371 775 2428 et
789 2351 950 2429 Anastasn
958 2353 1062 2426 Eleu
1080 2415 1084 2428 .

42 2483 233 2601 theropolis
249 2479 521 2577 Episcoporum,
544 2475 753 2574 vulgaturer
769 2475 889 2552 codice
906 2473 1062 2552 Parisino.

42 2612 122 2697 Hac
165 2602 344 2686 occasune
381 2602 547 2678 invitatur
575 2601 699 2686 Editor
725 2599 860 2697 profert
897 2601 1061 2717 ineditam

40 2735 231 2816 unanimem
247 2727 409 2828 Procopii
431 2725 556 2802 Gazaei
572 2748 617 2800 er
639 2725 760 2801 codice
776 2726 1002 2804 bibliothecae
1024 2729 1060 2804 8,

38 2860 185 2946 Marci:
218 2855 464 2952 subjunguntur
495 2851 622 2948 reliqua
653 2852 804 2929 Matarii
823 2877 868 2931 ex
897 2853 1060 2933 Choricio

36 3001 232 3079 excerpta,
253 2999 291 3054 et
313 2981 526 3056 Declamatio
545 2977 631 3076 ειμι
643 2975 774 3059 inedita
792 3001 837 3053 ex
855 2979 977 3052 codice
998 2981 1061 3052 Pa·

34 3110 175 3188 rilino:
207 3128 307 3206 porro
326 3121 568 3201 exceptorum
589 3121 635 3174 ex
655 3097 732 3174 aliiu-
753 3101 850 3200 apud·
866 3097 1059 3176 Macarium

36 3233 258 3316 notioribus
283 3231 445 3321 notatio,
471 3225 732 3325 Xenophonte
760 3228 929 3314 Stobae0,
937 3217 940 3222 ’
964 3225 1061 3322 Jose·
1100 3325 1105 3334 Ι
1242 3325 1247 3335 ¹

33 3366 144 3464 pho,
176 3359 350 3451 Eusebio,
387 3351 596 3450 Nicephoro
624 3351 821 3444 Clrunnno,
827 3353 1061 3442 Gennano,
1153 3447 1155 3461 .

36 3488 246 3590 Gregorio,
282 3480 397 3560 Const.
438 3477 632 3571 Manasse,
667 3475 835 3569 Pindaro,
868 3477 1055 3572 Homero,

35 3613 261 3702 Theocrito,
284 3608 459 3710 Lucieno,
491 3601 665 3694 Heliodo,
697 3599 942 3700 fflistophane,
968 3589 1059 3675 Pho·

35 3737 169 3840 cylidc.
237 3737 432 3835 Sequuntur
462 3729 589 3815 inedita
619 3752 664 3839 er
696 3724 766 3804 aliis
794 3725 969 3802 codicibus
1006 3723 1059 3800 bi·

34 3866 237 3948 bliothecae
270 3863 304 3940 S.
339 3862 479 3937 Marci:
518 3830 724 3993 opusculum
755 3847 800 3923 de
839 3852 948 3930 Atti
923 3851 1061 3928 remisc-

36 3987 351 4078 HelineMonachi
361 3963 466 4080 ,origi
498 3971 567 4053 τιιι
599 3965 629 4050 ἐι
662 3961 752 4062 τρῖς
762 3952 885 4088 ‘fixura
913 3963 1060 4046 malit·

39 4113 245 4204 Herodieoi
262 4114 347 4196 uari
337 4111 459 4210 libelli
477 4103 719 4246 Grammatici:
727 4077 900 4202 Dionysii
917 4093 1061 4174 Thracis
