2858 5280
101 531 105 538 ·
204 441 933 604 ennarrassuuncru
1033 519 1100 600 32¹
1204 501 1208 516 ¹

64 681 181 792 ¹Parte
204 679 352 790 ¹secundi
378 679 475 784 hujus
500 676 717 770 Voluminis,
748 673 940 754 incensma
972 675 1078 772 Apol·

82 808 92 880 l
116 805 162 880 n'‘

93 831 215 1004 Oiilud
236 929 379 1006 reticere
402 952 476 1006 non
494 927 688 1027 possumus,
714 923 850 1004 omnino
872 929 1077 1010 Brunclrium

77 1079 199 1155 operae
227 1057 373 1154 pretium
401 1055 518 1130 fecisse
544 1051 607 1128 hac
640 1053 814 1145 editione,
850 1054 915 1154 qud
945 1056 1076 1130 Comici

79 1181 223 1254 Fabulae
245 1181 292 1256 ita
316 1181 537 1270 exhibentur,
561 1197 600 1251 ut
622 1177 733 1252 multis
749 1179 897 1276 partibus
920 1181 1076 1256 emenda·
1206 1245 1210 1266 ,

77 1304 180 1382 tiores
195 1304 258 1384 lint
275 1307 313 1386 dc
328 1309 397 1406 jam
414 1307 541 1382 facilius
566 1303 705 1399 intelligi
728 1302 870 1398 posfint:
884 1301 985 1402 guod
1001 1303 1073 1402 qui·

75 1431 155 1512 dem
169 1432 289 1529 triplici
319 1432 462 1538 maxime
490 1430 620 1504 ratione
643 1427 804 1502 effectum
830 1447 900 1520 est,
925 1429 990 1530 qul
1012 1437 1075 1505 ltu·

69 1555 125 1662 jus
150 1553 305 1630 editionis
331 1557 461 1632 laudem
489 1553 681 1629 cantemus:
704 1553 832 1657 primi,
864 1556 1073 1654 proferendis

73 1679 264 1756 melioribus
293 1678 516 1768 lectionibus,
549 1680 719 1780 magisque
750 1681 1009 1760 accommodatis
1031 1681 1073 1756 ad

71 1802 256 1884 lensensiae
286 1803 483 1881 veritatem:
507 1803 670 1896 secunda,
696 1803 938 1902 distinguendis
962 1805 1076 1902 perso·

73 1929 150 2004 nis:
182 1928 312 2020 tertia,
350 1929 582 2012 constituenda
616 1949 712 2028 parte
743 1929 893 2038 metrici.
955 1933 1073 2030 Atque

42 2107 45 2117 .
71 2055 123 2130 his
158 2053 262 2127 tribus
291 2055 473 2130 rationibus
496 2055 637 2128 multum
660 2055 752 2128 lucis·
766 2079 806 2129 ac
829 2055 976 2128 medelae
1000 2055 1075 2128 alla·

71 2203 148 2258 tum
176 2197 228 2254 est
256 2201 324 2254 nou
349 2175 452 2253 modo
470 2173 602 2270 reliquis
626 2176 778 2268 Fabulis,
809 2201 894 2272 quae
922 2177 1073 2254 nondum

69 2307 245 2408 separatim
267 2305 378 2380 editae
398 2299 597 2402 peculiarem
622 2298 793 2396 praecipui
819 2301 936 2376 Critici
961 2325 1073 2377 curam
1189 2297 1190 2301 '

64 2419 232 2530 expertae
257 2423 387 2519 esunt,
407 2426 464 2501 sed
487 2424 636 2500 inPluto
660 2423 764 2516 a'deo,
789 2449 857 2528 quo
879 2425 997 2502 summi
1028 2428 1073 2506 illi

70 2557 273 2648 duumviri,
307 2553 475 2649 Bentlejus
507 2552 547 2628 dr
584 2549 870 2644 Hemsterhusrus,
902 2555 1073 2654 ingenium
1171 2589 1180 2606 ·

69 2683 323 2786 doctrinamque
347 2679 565 2760 contulerant.
615 2677 682 2752 Sed
709 2679 975 2779 quandoquidem
1000 2685 1071 2759 lon·

67 2811 144 2908 gius
169 2829 221 2888 ost
245 2833 343 2910 quarn
366 2830 429 2906 pro
446 2803 545 2879 unius
566 2805 722 2880 censurae
744 2805 888 2898 finibus,
915 2807 1071 2886 undecim

66 2956 186 3012 omnes
202 2935 340 3006 Fabulas
362 2930 554 3019 recensere,
578 2953 667 3004 nunc
682 2932 822 3027 quidem.
832 2931 958 3026 priores
970 2932 1070 3028 quin·

64 3081 134 3160 que
157 3053 399 3158 producamus,
433 3050 647 3147 Lyfistratam
661 3067 673 3142 ,'
697 3053 1072 3151 Thesmophoriazulas,

67 3189 201 3270 Ranas,
235 3180 396 3266 Plutum,
432 3175 695 3270 Ecclesrazusas,
728 3201 773 3256 ex
805 3179 912 3276 iisque
938 3201 1070 3260 tantum

66 3311 103 3384 in
122 3303 213 3384 omni
228 3323 351 3402 genere
367 3325 555 3400 promamus
570 3301 806 3406 speciminum,
819 3325 979 3400 quantum
995 3305 1071 3382 latis

66 3433 107 3508 srt
139 3429 182 3504 ad
204 3429 302 3526 hujus
325 3425 490 3529 Editionls
522 3429 593 3508 vim
619 3453 660 3509 ac
687 3429 922 3530 praestantiam
951 3433 1073 3510 intelli·

66 3557 223 3658 gendum.
932 3643 956 3666 ,ἦ

118 3686 194 3788 Jaln
215 3676 293 3755 illud
317 3701 424 3777 genus
446 3683 539 3782 quod
560 3685 595 3760 in
615 3683 825 3782 personanun
856 3683 1071 3762 distinctione

67 3810 241 3898 versatur,
263 3827 462 3902 quamquam
479 3797 655 3906 plurimum
678 3812 769 3886 valet
793 3809 836 3884 ad
854 3809 995 3884 Fabulae
1017 3813 1069 3887 in·
1114 3831 1123 3842 ·
1251 3841 1255 3852 ·
1317 3897 1322 3904 .

6 3932 313 4028 '‘elligenfflfflt
345 3913 458 4012 tamen
484 3931 560 4010 satis
590 3953 642 4012 est
666 3959 685 4010 a
705 3934 801 4010 nobis
821 3957 964 4028 ,numero
991 3961 1068 4011 ver·
1196 3997 1201 4004 .
1337 3935 1342 3946 “

66 4055 165 4132 suum
190 4059 326 4164 notari,
359 4059 494 4157 quippe,
511 4057 564 4132 uis
589 4081 629 4133 ac
658 4061 745 4138 ratio
769 4063 929 4160 cujusque
961 4061 1088 4133 novac'
1175 4103 1179 4118 -

547 4185 577 4257 C
600 4209 621 4280 3
955 4184 1071 4260 distin·

1055 4305 1065 4340 i
