2850 5278
286 481 355 550 116
401 471 790 550 nrrn'rroruns
830 450 1182 552 snnvronrs.

285 671 366 724 num
391 647 580 756 exemplum
604 645 752 746 diligenti
775 648 1045 748 chalcographica
1061 646 1287 744 descriptione

288 771 432 848 fideliter
461 772 581 862 reddi,
613 791 671 864 et,
696 795 776 867 quas
808 775 956 846 Zeunius
984 775 1146 864 habebat,
1177 797 1286 846 novas

289 894 586 974 anirnadversrones
624 896 672 992 ita
704 897 736 969 ei
781 899 937 992 exemplo
964 899 1129 997 adjungi,
1169 915 1207 972 ut
1241 919 1286 971 ne

290 1043 368 1094 eum
391 1019 596 1117 superiorum
620 1023 845 1118 Interpretum
871 1021 959 1095 notis
988 1021 1283 1098 confunderentur.
1346 1021 1351 1028 '

290 1148 398 1222 Nunc
418 1169 532 1221 omnes
557 1148 615 1222 sub
639 1166 837 1222 contextum
870 1150 1042 1246 conjedlae
1066 1149 1143 1223 sunt
1167 1166 1286 1235 norae,

288 1271 380 1370 quod
404 1293 472 1346 non
496 1273 793 1376 reprehendimus,
828 1271 884 1348 sed
908 1299 976 1350 non
1004 1273 1154 1369 integrae
1177 1291 1288 1368 neque

290 1421 406 1474 omnes
421 1397 572 1493 adjettae
581 1400 658 1474 sunt
666 1399 793 1474 Ernesti
803 1458 814 1494 ,
825 1405 845 1471 lr'
858 1398 1037 1488 uhnlreoii,
1049 1392 1287 1486 Valckenarii3

290 1521 1289 1622 quaesaepiustantummemorataesuntaZeunioetitacum

287 1648 353 1726 suis
368 1652 457 1726 notis
471 1652 674 1726 commixtae
685 1672 762 1742 ‚ut,
778 1651 858 1748 quid
874 1652 1034 1748 cujusque
1050 1649 1111 1739 stt,
1127 1667 1193 1720 non
1210 1643 1288 1716 satis

285 1795 451 1873 appareat.
503 1781 682 1866 Ceterum,
709 1775 877 1862 neurius,
902 1799 1096 1874 quamquam
1124 1775 1158 1848 in
1183 1793 1289 1844 anno·
1373 1793 1378 1804 ·

288 1901 392 1974 tando
422 1901 559 1976 nimium
594 1899 749 1998 frequens
784 1921 819 1974 et
844 1899 1124 1990 verbosus'suit,
1172 1915 1288 1968 tamen

247 2104 252 2113 ,
288 2017 456 2124 paululum
488 2045 598 2100 novae
641 2023 792 2100 utilitatis
823 2027 971 2116 attulit,
1017 2049 1096 2098 cum
1131 2043 1288 2098 veterum

288 2151 475 2229 editionum
525 2150 801 2248 comparatione,
846 2171 919 2226 tum
964 2151 1197 2228 observatione
1237 2149 1288 2224 di·

287 2279 408 2356 trionis
430 2297 466 2352 et
489 2301 610 2354 rerum.
661 2275 764 2385 Quod
786 2274 925 2352 sortasse
949 2277 1013 2352 alio
1031 2296 1185 2375 tempore
1205 2277 1287 2352 ube·

285 2407 354 2482 rius
379 2405 635 2506 explicabimus,
659 2403 763 2502 magis
778 2401 1022 2501 Xenophonte't
1036 2403 1166 2502 operis,
1189 2425 1289 2498 quarn

284 2529 383 2626 hujus
407 2531 583 2622 editionis,
608 2527 730 2604 caussa.
830 2525 832 2530 ’
1126 2533 1130 2538 ’

336 2659 400 2728 lll.
433 2655 484 2725 De
509 2656 617 2728 I'Etot
647 2673 677 2726 et
703 2655 743 2724 du
766 2655 838 2728 Son
868 2655 922 2728 drt
951 2659 1109 2744 Colonia,
1142 2652 1197 2723 der
1227 2673 1288 2721 an·

290 2781 526 2874 crenrenpns.
552 2821 634 2842 --
661 2787 694 2856 s.
720 2777 981 2878 arrnanrprn.
1010 2803 1108 2878 1779.
1134 2777 1200 2854 te.
1233 2761 1285 2850 rle

287 2909 384 2984 Statu
407 2923 439 2978 rt
465 2903 642 2976 conditione
666 2904 860 2978 Coloniarum
885 2911 969 3003 opud
985 2887 1151 3003 Annquos,
1196 2903 1290 2978 Con·

287 3033 392 3114 filiun
422 3026 608 3126 scriptionis
637 3025 785 3122 pertinet
818 3033 860 3106 ad
895 3033 1173 3131 disceptationem
1208 3055 1291 3106 con·

288 3154 469 3262 tensionis,
492 3174 576 3247 quae
595 3173 685 3223 nunc
700 3152 845 3250 agitatur
860 3157 948 3232 inter
962 3157 1138 3232 Britannos
1154 3181 1289 3234 eorum·

286 3306 353 3380 que
377 3281 525 3357 Colonos
546 3276 788 3357 Americanos:
822 3281 866 3354 de
899 3305 964 3378 qua
995 3283 1128 3380 quidem
1155 3283 1290 3362 Auttor

282 3403 468 3480 'secundum
493 3399 712 3498 Americanos
732 3402 871 3498 judicat.
920 3408 987 3482 Sed
1008 3411 1092 3483 haec
1114 3435 1189 3506 pars
1219 3433 1290 3486 non

286 3528 335 3604 ita
359 3547 412 3601 est
439 3521 616 3622 conjuntta
640 3547 717 3598 cunr
741 3529 853 3604 nostro
879 3530 1031 3610 instituto
1049 3555 1152 3633 atque
1168 3540 1293 3630 altera,
1337 3515 1339 3518 ⁵

286 3677 372 3756 quae
410 3651 604 3726 continetur
634 3650 718 3746 ipso⁴
742 3677 940 3750 argumento
976 3662 1114 3760 ejusque
1144 3661 1294 3759 explica.

237 3767 244 3852 .'
288 3783 404 3870 tione;
429 3799 514 3871 quae
529 3775 681 3874 profesta
706 3797 781 3868 esc,
806 3802 873 3854 non
898 3804 941 3854 err
965 3785 1203 3884 compilatione
1229 3805 1289 3860 aut

286 3905 356 3980 levi
380 3925 491 3977 rerum
517 3901 737 3996 cognitione,
772 3904 828 3976 sed
853 3927 897 3979 ex
921 3907 979 3980 usu
1001 3908 1204 4010 scientiaque
1225 3935 1292 3990 ve·
1355 3907 1357 3916 '

285 4033 366 4110 teris
388 4025 546 4106 historiae
568 4026 707 4124 ejusque
728 4029 888 4126 prudenti
909 4031 1199 4132 interpretatione.
1240 4038 1289 4114 Et

1226 4181 1282 4238 an·
