2868 5282
159 519 550 612 unnnutonns
580 509 931 608 nunnionnt.
984 477 1056 646 105}

106 679 165 781 V.
203 697 321 773 Erunt
361 701 438 772 iiber
468 697 519 772 die
562 696 687 796 nrufim
720 701 1056 796 Uierserarrfabriian

64 829 116 914 ier
137 825 291 899 Gtietiten
314 823 378 896 und
391 822 508 900 Rinrr
527 827 561 898 in
583 825 821 918 Detrahunt,
846 829 1057 928 insiesondm

69 957 140 1046 iiber
169 953 226 1024 den
244 947 457 1045 Bohrdtscittn
487 947 630 1023 Tacitus.
649 957 681 1030 8.
710 958 812 1045 1782.
842 948 915 1028 ie,
941 957 993 1030 De
1013 981 1062 1034 η.

69 1075 256 1170 certissimis
270 1073 405 1171 officinis
415 1061 582 1164 urrstonum
592 1074 870 1174 Germanicarum,
879 1105 919 1152 ex
929 1070 1068 1170 Graecia

65 1205 251 1296 Latinisque
265 1197 476 1304 scriptoribus
488 1193 675 1290 foiiarunr,
699 1203 867 1298 inprimis
888 1205 926 1277 tie
947 1203 1060 1282 Tacito

64 1328 480 1419 Bairitiano.pngg.141.
500 1320 618 1396 Libelli
627 1324 759 1402 Auetor
774 1325 864 1400 idem
889 1347 941 1403 est
964 1333 1060 1408 Hot-

64 1452 232 1552 tingetur:
259 1445 426 1522 confilium
452 1445 560 1537 idern,
585 1447 710 1547 quippe
733 1449 879 1526 resertut
895 1453 937 1526 act
958 1479 1059 1533 accu-
1089 1471 1097 1480 ·
1249 1493 1252 1500 ·

64 1597 158 1650 ratae
185 1573 354 1649 doetrinae
391 1569 544 1647 studium
606 1573 699 1648 Nam
729 1597 852 1670 quum,
895 1585 935 1654 u't
963 1581 1061 1690 saepe

66 1702 144 1776 alias
164 1717 302 1797 gentes,
326 1697 374 1772 ita
397 1721 488 1772 nunc
506 1701 691 1774 Germanos
714 1701 821 1777 veluti
841 1703 944 1780 libido
960 1719 1072 1804 quae·'
1139 1753 1142 1762 ,
1298 1712 1301 1726 '

65 1827 140 1900 darn
162 1823 331 1902 incesserit
359 1825 509 1902 Graecos
527 1823 734 1922 Latinosque
756 1827 954 1902 Auiiores
942 1853 978 1906 tn
1000 1857 1059 1930 pa

62 1953 157 2028 triam
178 1951 323 2048 finguam
357 1951 531 2041 vertendi,
565 1950 736 2050 fueritque
761 1953 846 2027 adeo
875 1956 932 2054 qui
956 1957 1063 2052 profi.

64 2097 213 2170 teretur,
244 2073 279 2149 se
302 2076 372 2148 illos
404 2077 561 2173 deinceps
585 2099 701 2152 omnes
726 2075 925 2150 Germanice
951 2077 1064 2151 editu·

62 2225 158 2300 rum3
184 2201 277 2276 resie
301 2223 342 2273 ac
362 2199 546 2298 prudenter
570 2199 655 2274 fecit
681 2198 927 2298 Hottingerua,
959 2221 1064 2295 quum
1129 2197 1130 2202 ’

58 2352 125 2428 per
149 2319 236 2402 hane
256 2323 471 2420 scriptionem
498 2324 674 2422 exposuit,
697 2340 820 2424 quanta
844 2319 878 2395 in
900 2321 964 2395 hac
984 2347 1066 2420 pro·
1202 2345 1206 2353 ·

56 2443 209 2528 'fesfione
238 2445 368 2523 vanitas
404 2445 581 2540 versetur,
613 2461 711 2547 quant
740 2445 872 2523 difficile
905 2447 945 2522 srt
977 2453 1065 2522 bene

55 2591 235 2666 vertere,
275 2569 459 2670 quibusque
490 2573 636 2662 numetis
666 2571 791 2650 censeri
826 2571 949 2648 debeat
977 2575 1065 2650 bona

56 2697 205 2790 versio,
237 2685 349 2774 idest
371 2697 552 2795 ejusmodi,
585 2721 671 2795 quae
691 2699 734 2774 ad
760 2697 999 2794 proferendum
1022 2697 1064 2778 ἃ

56 2825 274 2926 ingeniorum
300 2819 339 2897 ἃ
367 2819 553 2920 linguatum
586 2823 813 2898 recentiorum
847 2825 974 2902 cultum
1003 2851 1063 2903 va·

59 2953 139 3029 leat.
191 2945 387 3024 Bahrdtium
411 2969 532 3058 vero,
558 2945 601 3019 de
627 2969 696 3040 quo
716 2945 881 3040 inprimis
905 2951 1065 3044 dioeret,

60 3073 193 3164 fitmsrt,
219 3096 297 3147 cunr
321 3067 459 3166 quodie
486 3069 571 3142 hanc
588 3065 826 3164 professionem
848 3067 1062 3169 suscepisset,

60 3219 136 3276 tum
169 3197 259 3300 quod
286 3193 376 3272 idem
398 3192 530 3290 reliquis
558 3190 747 3267 verfionum
772 3189 947 3288 opificibus
965 3219 1063 3294 prae·

61 3325 164 3407 staret
195 3319 321 3420 ingenii
345 3317 582 3416 dosirinaeque
612 3315 796 3415 elegantia3
831 3337 902 3407 ut,
933 3321 1060 3396 notatis

59 3453 130 3550 ejus
155 3444 386 3528 invertendo
416 3442 542 3518 Taoito
568 3443 754 3536 enotibus,
778 3443 961 3520 existimari
982 3431 1062 3546 por·

57 3577 106 3654 set
122 3577 173 3680 de
196 3571 287 3661 aliie,
311 3569 371 3668 qui
397 3569 506 3644 minut
528 3569 629 3644 etiam
660 3568 733 3669 ipso
758 3570 909 3646 valerent
932 3571 967 3646 in
991 3571 1057 3648 hot

60 3721 200 3798 genere.
249 3697 311 3770 Est
335 3719 469 3796 quoque
483 3695 621 3794 diligens
638 3697 823 3774 admonitio
851 3697 895 3772 de
913 3696 1063 3792 finibus,

61 3799 185 3922 quibua
205 3820 407 3897 continenda
423 3837 476 3895 est
491 3819 725 3922 interpretatio
741 3846 803 3917 ea,
820 3845 926 3921 quam·
937 3827 1061 3904 novitii

61 3947 294 4062 Aestheticam
316 3963 475 4036 vocant,
508 3971 593 4046 quae
612 3949 654 4024 ad
677 3947 855 4026 artificium
880 3949 1061 4052 scriptoris

64 4073 287 4186 &judicium
306 4071 499 4178 sensumque
521 4071 630 4174 pulcri
653 4075 817 4160 refertur:
841 4075 961 4178 quibus
983 4073 1062 4164 fini·

546 4198 633 4312 ‚Gt
999 4201 1063 4294 but
